2656 4276
470 317 635 370 succussu
658 327 819 370 carmina.
1068 313 1105 374 ll

179 467 327 546 publicam
350 466 450 544 inopia
473 477 560 542 atque
582 467 651 526 mali
675 487 770 526 mores
793 468 988 526 stimulabant.
1029 467 1107 530 Cum

180 559 249 632 boc,
277 559 403 617 Catilina
429 568 458 615 et
484 559 658 631 Autronius,
685 559 801 619 circiter
827 578 920 618 nonas
944 559 1107 622 decembris

181 650 303 710 consilio
326 634 552 720 communicato,
575 650 715 724 parabant
738 650 768 710 in
788 650 944 725 Capitolio,
965 650 1107 710 Kalendis

179 736 337 812 Janusriis,
351 740 385 798 L.
400 740 515 798 Cottam
537 751 566 798 et
584 739 618 798 L.
634 740 818 816 Torquatum
832 741 977 799 Consules
999 741 1107 800 interli-

180 849 267 901 cerc;
289 832 354 906 ipsi,
369 831 496 888 fascibus
510 832 659 908 correptis,
673 832 810 890 Pisonem
831 851 898 890 cunr
919 831 1049 890 exercitu
1070 831 1107 890 ud

181 920 353 981 obtinendas
366 921 436 978 duas
450 920 605 998 Hispanias
618 923 741 980 mittere.
775 923 820 980 Ea
830 922 997 998 recognita,
1008 939 1107 982 rursus

181 1011 212 1070 in
248 1010 352 1068 Nonas
384 1011 557 1070 Februarias
589 1013 744 1072 consilium
771 1012 860 1071 caedis
893 1012 1106 1072 transtulerant.

180 1099 247 1160 lam
261 1111 323 1159 tum
337 1119 396 1159 non
410 1102 586 1161 Consulibu
593 1105 689 1176 modo,
701 1104 751 1162 sed
764 1104 908 1180 plerisque
917 1103 1107 1162 Senatoribus

180 1191 339 1267 perniciem
353 1193 600 1251 machinabantur.
641 1194 732 1256 Quod
744 1194 776 1250 ni
790 1194 917 1252 Catilina
936 1202 1107 1252 maturasset

179 1298 232 1357 pro
256 1282 339 1340 curia
364 1282 480 1358 siguum
505 1283 594 1340 sociis
621 1283 700 1353 dare,
727 1301 763 1340 eo
790 1283 848 1354 die,
871 1293 936 1358 post
959 1285 1108 1344 conditam

180 1372 281 1430 urbem
296 1371 435 1442 Romam,
445 1391 613 1446 pessumum
627 1371 740 1429 facinus
752 1383 895 1446 patratum
910 1373 991 1430 foret
1025 1373 1109 1434 Quia

180 1460 312 1518 nondum
328 1459 493 1532 frequentes
510 1461 612 1516 armati
627 1469 832 1531 convenerant,
846 1479 882 1516 ea
895 1479 941 1517 res
955 1461 1110 1520 consilium

181 1551 309 1610 diremit.

220 1641 307 1702 XIX.
336 1639 443 1699 Postea
463 1639 531 1698 Piso
551 1639 582 1696 in
606 1638 771 1698 citeriorem
792 1638 964 1715 Hispaniam
984 1651 1109 1718 quaestor

181 1744 369 1810 propraetore
383 1731 487 1788 missus
501 1741 554 1801 est,
577 1730 724 1787 adnitente
745 1730 861 1802 Crasso,
882 1732 960 1805 quod
980 1751 1047 1790 eum
1067 1733 1110 1792 in-

183 1823 288 1882 festum
321 1823 472 1880 inimicum
506 1821 562 1878 Cn.
590 1821 732 1895 Pompeio
765 1831 948 1897 cognoverat.
1003 1823 1110 1900 Neque
1197 1871 1198 1874 ,

183 1921 280 1972 tumen
304 1922 421 1971 senatus
440 1911 619 1988 provinciam
643 1911 750 1969 invitus
771 1911 908 1969 dederat:
931 1913 1037 1990 quippe
1061 1913 1111 1972 ste·

183 2003 253 2062 dum
276 2005 424 2061 hominem
446 2022 463 2060 a
484 2002 634 2076 republica
655 2001 754 2076 procul
776 2020 839 2058 esse
860 2003 991 2061 volebat:
1012 2005 1109 2078 simul,

184 2094 253 2169 quia
266 2093 335 2151 boni
349 2091 543 2167 quamplures
557 2092 722 2166 presidium
735 2092 765 2148 in
779 2111 815 2149 eo
828 2094 987 2168 putabant:
1008 2105 1037 2152 et
1048 2095 1109 2172 jum

184 2192 246 2242 tum
269 2183 400 2259 potentia
421 2181 552 2256 Pompeii
576 2181 762 2240 formidolosa
780 2193 849 2240 erat.
898 2185 957 2241 Sed
981 2185 1006 2243 is
1029 2186 1108 2261 Piso,

185 2272 216 2331 in
239 2273 387 2348 provincia
414 2274 451 2330 ub
478 2272 622 2346 equitibus
650 2272 798 2348 Hispanis,
826 2292 898 2349 quos
923 2275 952 2332 in
979 2276 1109 2336 exercitu

185 2363 330 2435 ductabat,
345 2364 399 2420 iter
414 2362 523 2420 faciens
536 2362 652 2420 occisus
672 2373 723 2420 est.
765 2365 841 2420 Sunt
861 2365 910 2440 qui
935 2366 976 2422 ita
995 2367 1108 2438 dicunt,

185 2451 305 2528 Mperia
318 2453 380 2529 ejus
404 2453 519 2528 injusta,
534 2455 670 2529 superba,
687 2455 826 2526 crudelia,
847 2455 984 2513 barbaros
1005 2455 1107 2531 nequi·

185 2543 259 2601 risse
273 2544 350 2618 pati:
372 2543 421 2600 alii
435 2553 540 2616 autem,
555 2545 666 2618 equites
680 2545 754 2615 illos,
769 2545 825 2602 Cn.
847 2545 979 2618 Pompeii
998 2555 1110 2604 veteres

185 2632 315 2708 fidosque
342 2634 472 2706 clientes,
494 2635 642 2692 voluntate
673 2635 736 2708 ejus
768 2633 905 2690 Pisonem
940 2633 1088 2707 adgressos
1100 2654 1109 2706 ς

185 2741 344 2796 numquam
369 2722 516 2799 Hispanos
542 2734 682 2800 praeterea
704 2723 762 2780 tale
785 2723 897 2780 facinus
921 2723 1036 2796 secisse,
1059 2723 1111 2784 sad

185 2812 309 2890 imperia
333 2831 408 2870 seva
433 2815 523 2872 multa
550 2825 637 2873 antea
661 2833 820 2889 perpessos.
867 2813 932 2873 Nos
958 2834 1023 2874 eam
1049 2833 1111 2876 rem

185 2903 217 2962 in
231 2903 327 2962 medio
340 2903 543 2980 relinquemus.
584 2906 631 2964 De
651 2905 798 2980 superiore
819 2906 1019 2982 conjuratione
1041 2907 1112 2968 satis

185 2993 304 3052 dictum.

47 3069 51 3074 ¹
137 3108 140 3111 ⁴
225 3083 295 3142 XX.
324 3083 452 3143 Catilina
474 3085 525 3145 ubi
553 3103 613 3157 eos,
637 3103 710 3160 quos
732 3086 830 3162 paullo
855 3095 921 3143 ante
944 3081 1112 3156 memoravi,

186 3175 356 3232 convenisse
382 3176 482 3247 videt;
523 3174 638 3234 tametsi
671 3193 740 3234 cum
773 3173 895 3249 singulis
920 3173 1011 3230 multa
1037 3189 1114 3248 saepe

184 3273 294 3341 egerat,
308 3275 405 3324 tamen
419 3267 449 3324 in
463 3284 524 3324 rem
538 3266 601 3323 fore
615 3265 736 3322 credens
749 3265 899 3322 universos
920 3259 1063 3335 adpellare
1082 3271 1113 3322 et

186 3354 340 3428 cohortari,
356 3357 386 3414 in
401 3357 529 3415 abditam
548 3362 659 3429 partem
680 3353 785 3410 aedium
806 3349 934 3420 secedit;
957 3360 1041 3424 utque
1061 3350 1113 3425 ibi,

182 3446 318 3505 omnibus
339 3447 456 3506 arbitris
475 3444 578 3522 procul
600 3441 714 3512 amotis,
733 3440 893 3498 orationem
913 3431 1114 3517 hujuscemodi

183 3533 294 3604 babuit,
336 3535 412 3594 “Ni
425 3537 515 3598 virtus
527 3535 657 3612 fidesque
669 3541 765 3593 vestra
776 3539 905 3610 spectata
922 3533 994 3594 mibi
1008 3533 1114 3603 forent,
