2656 4276
342 313 351 336 ⁴
441 334 608 378 samusart
629 333 812 380 meceres.
1017 301 1091 380 *tt

164 473 219 537 bus
230 493 286 554 ego
298 475 477 552 temporibus
489 475 680 554 magistratus
689 475 880 552 adeptussim,
890 483 921 534 st
929 473 1028 550 quales
1035 475 1090 536 riri
1130 540 1149 557 ..

165 566 242 628 idem
256 566 374 644 adsequi
386 569 578 644 nequiverint,
590 578 620 626 et
631 577 734 644 postea
741 587 804 642 quae
817 585 926 644 genera
938 558 1090 630 bominum
1114 639 1117 648 ι
1145 566 1160 583 “

163 655 195 718 iu
207 669 339 720 mantum
351 659 550 735 pomerariam
563 659 697 735 prolecto
706 657 1091 736 manutenementum·

163 751 276 823 meritc,
299 769 386 826 quam
410 751 534 827 ignaria,
558 751 704 827 judicium
729 751 817 811 animi
843 749 901 810 mei
922 751 1089 823 mutavisse,

124 831 127 834 ¹
163 841 313 916 manisque
339 841 522 900 commodum
549 860 586 900 ex
607 844 669 900 ctio
696 860 772 914 mec,
797 859 885 917 quam
906 859 943 898 ex
966 842 1090 900 aliorum

163 931 299 1006 negotiis,
314 931 478 1008 reipublice
499 944 660 993 venturum.
701 931 781 992 Nam
804 949 881 1008 sepe
902 949 958 1007 ego
983 931 1089 1002 audiri,

161 1018 202 1084 Q·
220 1021 400 1094 Maxumum,
424 1023 456 1082 P.
478 1024 658 1101 Scipionem,
677 1033 817 1100 preterea
837 1022 964 1080 civitatis
983 1029 1091 1080 nosue

161 1112 315 1186 preclaros
324 1114 401 1172 viros
410 1115 512 1172 solitos
520 1115 561 1174 ita
574 1116 682 1186 dicere,
691 1133 780 1190 quum
788 1114 930 1190 majorum
945 1111 1089 1188 imagines

162 1199 351 1275 intuerentur,
378 1206 640 1264 vehementissume
666 1207 722 1262 sibi
747 1205 874 1264 animum
898 1204 933 1261 ad
954 1195 1089 1261 virtutem

162 1293 292 1353 accendi.
334 1295 457 1352 Scilicet
470 1312 530 1352 non
544 1313 640 1352 ceram
655 1295 744 1365 illam,
759 1313 854 1368 usque
873 1294 1005 1369 liguram,
1026 1303 1090 1362 tan·

159 1391 217 1445 tam
232 1385 292 1440 rim
306 1383 337 1440 in
351 1402 415 1440 sese
432 1384 557 1451 babere;
579 1384 640 1453 sed,
660 1385 800 1441 memoria
818 1401 915 1440 rernm
934 1393 1090 1456 gestarum,
1198 1447 1203 1457 Ι

159 1490 226 1533 eam
240 1472 387 1528 flammam
401 1471 527 1546 egregiis
550 1471 618 1528 viris
641 1472 672 1528 in
693 1481 813 1546 pectore
835 1489 976 1541 creseere,
996 1487 1093 1542 neque

157 1562 244 1638 prius
266 1560 371 1639 sedari,
394 1579 482 1634 quam
496 1561 585 1618 virtus
606 1575 711 1618 eorum
734 1560 839 1618 famam
863 1569 948 1634 atque
969 1558 1093 1636 gloriam

161 1651 365 1726 adaequaverit.
406 1651 450 1708 At
464 1661 574 1722 contra,
588 1651 653 1726 quis
673 1661 717 1708 est
736 1652 866 1710 emnium
887 1651 932 1708 bie
952 1649 1091 1722 moribus,

160 1743 232 1817 quin
246 1741 356 1799 divitiis
368 1751 398 1798 et
411 1741 583 1817 sumptibus,
597 1761 657 1799 non
670 1743 815 1815 probitate
834 1759 928 1816 neque
950 1739 1093 1798 industria

161 1849 229 1892 cum
244 1831 403 1908 majoribus
416 1830 477 1888 suis
490 1831 669 1890 contendatl
690 1832 779 1890 etiam
792 1832 924 1901 barrinse
944 1832 1022 1901 novi,
1042 1830 1092 1904 qui

161 1932 249 1982 autea
269 1940 320 1998 per
346 1922 480 1980 virtutem
504 1921 581 1979 soliti
603 1932 686 1980 eram
709 1922 891 1980 nobilitatem
915 1920 1091 1992 antevenire,

162 2011 264 2072 firrtim
278 2022 307 2069 et
320 2029 370 2086 per
383 2012 538 2070 latrocinia
558 2013 655 2088 potius
678 2011 778 2089 [quam
802 2013 887 2070 bonis
908 2013 1031 2091 artibus]
1055 2011 1092 2072 td

162 2100 289 2178 imperia
308 2110 337 2158 et
353 2101 478 2160 bonores
498 2103 645 2173 nituntur;
667 2104 789 2179 proinde
812 2104 894 2179 quasi
917 2113 1042 2185 praetura
1061 2111 1091 2160 et

162 2191 332 2252 consulatus
360 2201 445 2266 atque
473 2192 528 2250 alia
554 2195 653 2252 omnia
678 2195 879 2270 hujuscemodi
905 2213 956 2270 per
976 2213 1007 2252 se
1028 2193 1091 2270 ipsa

163 2282 286 2344 claruet
309 2283 465 2358 magnilica
487 2284 560 2355 eint;
583 2303 617 2342 ac
641 2303 700 2343 nun
724 2286 845 2362 perinde
866 2286 1036 2356 habeantur,
1058 2295 1091 2342 ut

163 2389 275 2444 eorum,
290 2372 339 2446 qui
354 2391 390 2430 ea
401 2374 554 2446 sustinent,
568 2375 658 2432 virtus
671 2386 723 2434 est.
764 2377 875 2436 Verum
895 2395 950 2453 ego
970 2375 1092 2433 liberius

165 2461 307 2536 altiusque
319 2463 457 2538 processi,
472 2464 541 2522 dum
556 2484 602 2522 me
616 2465 741 2524 civitatis
761 2484 874 2524 merum
893 2466 974 2540 piget
993 2464 1091 2525 tedet·

70 2632 73 2639 Ι
164 2569 239 2628 que:
260 2571 339 2610 nunc
355 2553 390 2610 ad
404 2554 552 2629 inceptum
566 2556 663 2614 redeo.

175 2691 179 2706 ,
205 2641 242 2698 V.
270 2642 382 2700 Bellum
406 2645 576 2723 scripturus·
592 2662 667 2714 sum,
692 2644 770 2718 quod
791 2642 916 2719 populus
939 2641 1093 2700 Romanus
1156 2685 1158 2692 >

167 2749 234 2792 cnm
248 2731 400 2810 iugurtha,
411 2753 494 2811 rege
507 2734 714 2806 Numidarum,
739 2734 847 2810 gessit:
867 2733 1002 2810 primum,
1023 2731 1093 2807 quia

166 2837 301 2900 magnum
315 2835 344 2882 et
358 2835 449 2896 atrcr,
464 2825 599 2900 variaque
612 2825 734 2883 victoria
747 2825 816 2883 luit:
838 2823 916 2896 dein,
931 2825 1000 2900 quia
1019 2833 1091 2884 tune

165 2913 289 2988 primum
303 2916 443 2988 superbie
457 2916 616 2974 nobilitatis
629 2917 743 2976 obviarn
762 2917 833 2974 itum
854 2927 898 2974 eet
907 2937 915 2987 ;
937 2935 1001 2992 quae
1021 2933 1092 2976 con·

167 3005 256 3080 tentio
270 3005 368 3062 diviua
381 3016 411 3063 et
425 3006 551 3064 bumana
564 3017 671 3066 cuncta
682 3007 863 3084 permiscuit,
877 3025 971 3082 eoque
991 3023 1093 3066 recer-

166 3093 221 3160 diae
234 3097 385 3169 processit,
400 3108 432 3153 ut
453 3098 556 3156 studiis
580 3099 714 3158 civilibus
736 3099 845 3156 bellum
869 3107 955 3169 atque
974 3093 1093 3150 vastitas

166 3181 258 3252 Italia
277 3186 363 3247 linem
384 3188 502 3247 laceret.
543 3189 613 3258 Sed,
636 3190 803 3262 priusquam
826 3180 1029 3259 hujuscemodi
1048 3179 1094 3238 rei

166 3271 281 3356 ipitium
296 3278 427 3352 expedio,
441 3296 537 3352 pauca
549 3295 637 3350 supra
655 3287 802 3351 repetam
823 3289 891 3346 que,
914 3271 950 3326 ad
970 3285 1093 3346 coguos-

166 3364 300 3438 cendum,
315 3368 415 3426 omnia
429 3365 551 3424 illustria
563 3365 665 3440 magis,
685 3365 836 3440 magisque
855 3360 886 3418 in
907 3369 1006 3435 aperte
1025 3358 1091 3422 sint.

165 3452 246 3512 Bello
260 3457 374 3515 Punico
388 3456 528 3526 secunde,
538 3471 598 3529 quc
612 3455 670 3512 dux
683 3449 966 3527 Carthaginiensium
981 3449 1094 3510 Hanni·

165 3539 220 3618 bal,
246 3557 314 3624 post
340 3545 573 3624 magnitudinem
599 3543 726 3604 nominis
751 3539 892 3613 nomm
910 3539 1002 3601 ltdiae
1022 3557 1093 3616 opes
