2656 4276
460 377 622 422 emananti
644 379 824 422 mannans.
1065 359 1108 424 78

167 513 261 574 situm
281 515 312 574 in
326 518 464 594 praerupti
484 520 591 578 montis
610 531 748 593 extremo,
762 520 903 597 planicies
922 519 1027 578 limosa
1047 518 1108 580 hie·

170 607 298 668 malibus
322 609 403 684 aquis
429 609 565 684 paludem
589 609 723 690 fecerat)
744 620 851 681 tamen,
875 619 925 667 aut
951 607 1107 668 simulandi

171 700 274 777 gratia,
289 719 346 773 quo
360 697 423 774 regi
442 698 625 754 formidinem
647 698 774 768 adderet,
790 709 839 754 aut
858 699 995 774 cupidine
1010 715 1107 756 osseus

171 792 210 850 ob
236 791 390 848 thesauros
417 789 516 864 oppidi
543 789 687 864 potiundi,
715 790 814 846 vineas
845 807 941 866 agere,
970 807 1106 868 aggerem

178 880 288 957 jacere,
303 879 369 949 alia,
383 897 445 953 que
462 877 579 953 incepto
593 878 657 934 usui
673 878 777 948 forent,
791 896 954 953 properare.

214 968 393 1028 XXXVIII.
421 969 462 1026 At
475 969 630 1046 Iugurtha,
646 969 765 1044 oognita
777 969 904 1026 vanitate
919 979 1004 1042 atque
1019 968 1108 1043 impe·

174 1061 241 1120 ritia
266 1061 363 1138 legati,
389 1061 508 1118 subdole
531 1061 592 1137 ejus
625 1080 730 1138 augere
759 1061 931 1118 amentiam:
963 1059 1107 1117 missitare

174 1149 361 1226 supplicantis
376 1150 504 1226 legatos:
525 1151 597 1224 ipse,
611 1151 692 1224 quasi
708 1150 890 1222 vitabundus,
905 1169 957 1226 per
978 1149 1106 1208 saltuosa

174 1237 237 1296 loon
250 1248 279 1294 et
293 1239 424 1296 tramites
438 1239 595 1295 exereitum
611 1239 738 1296 ductare.
781 1239 914 1314 Denique
930 1238 1039 1296 Aulum
1053 1255 1104 1314 spe

172 1329 316 1404 pactionis
329 1328 466 1404 perpulit,
477 1329 531 1397 uti,
545 1328 648 1384 relicto
659 1328 792 1398 Suthule,
805 1330 833 1384 in
849 1330 960 1386 abditas
971 1330 1105 1406 regiones

173 1437 245 1491 sese,
256 1419 347 1476 veluti
357 1417 520 1485 oedentem,
532 1417 745 1488 insequeretu13
762 1416 816 1490 (ita
826 1419 933 1474 delicta
946 1419 1106 1476 occultiora

172 1509 280 1586 fuere.)
322 1508 441 1563 Interea
454 1523 504 1580 per
529 1505 661 1560 homines
685 1505 805 1560 callidos
825 1507 871 1561 die
892 1516 1039 1578 noctuque
1059 1525 1108 1564 ex-

172 1600 299 1658 ereitum
332 1597 507 1672 temptabat:
543 1595 729 1652 centuriones
760 1595 906 1670 ducesque
937 1605 1105 1669 turmarum,

172 1691 277 1768 partim
300 1690 341 1746 uti
363 1687 586 1762 transfugerent,
609 1704 810 1761 eorrumpere;
839 1686 898 1757 alii,
922 1686 1006 1763 signo
1027 1688 1105 1762 dato,

173 1781 271 1840 looum
296 1780 338 1837 uti
360 1779 533 1836 desererent.
574 1777 651 1838 Quae
672 1788 823 1852 postquam
845 1796 882 1834 ex
902 1779 1044 1836 sententia
1064 1779 1107 1836 in·

174 1872 268 1942 struit,
284 1872 457 1946 intempesta
470 1879 566 1940 noete,
582 1869 618 1925 de
632 1869 788 1943 improviso
804 1868 989 1925 multitudine
1003 1868 1032 1924 N
1036 1869 1107 1928 umi-

175 1963 277 2022 darum
288 1963 359 2020 Auli
371 1974 465 2019 eastra
476 1961 674 2019 circumvenit.
710 1959 820 2016 Milites
831 1960 970 2030 Romani,
980 1959 1106 2035 perculsi

174 2054 302 2112 tumultu
323 2053 450 2122 insolito,
473 2071 551 2109 arma
571 2070 675 2127 capere
696 2051 754 2123 alii,
774 2051 821 2109 alii
843 2070 874 2108 se
903 2051 1017 2125 abdere,
1039 2070 1105 2127 pars

173 2144 293 2202 territos
307 2142 495 2212 oonfirmare;
516 2143 658 2218 trepidare
678 2143 812 2200 omnibus
832 2143 922 2200 loeis:
943 2143 986 2200 vis
1000 2161 1106 2220 magns

175 2234 319 2303 hostium;
341 2233 445 2290 ooelum
460 2242 547 2290 noete
562 2243 646 2308 atque
660 2234 785 2291 nubibus
798 2235 1002 2305 obscuratum3
1030 2234 1105 2310 peri·

175 2325 275 2384 eulnm
290 2342 413 2400 anceps:
433 2334 579 2400 postremo
599 2324 708 2401 fugere,
724 2345 759 2383 an
774 2345 901 2398 manere,
916 2327 1005 2384 tutius
1019 2326 1103 2400 soret,

176 2415 207 2474 in
228 2415 339 2474 inserto
365 2425 434 2474 erat.
477 2416 534 2473 Sed
556 2434 592 2472 ex
617 2434 653 2474 eo
673 2435 802 2487 numero,
824 2435 896 2491 quos
915 2418 1013 2492 paullo
1038 2427 1104 2476 ante

177 2517 327 2581 eorruptos
350 2506 485 2577 dirimus,
513 2506 617 2564 oohors
639 2525 698 2563 una
723 2506 873 2582 Ligurum,
897 2525 964 2562 oum
991 2507 1105 2564 duabus

176 2597 277 2656 turmis
290 2597 450 2667 Thracum,
465 2607 494 2652 et
513 2596 615 2672 paucis
635 2595 774 2670 gregariis
798 2595 946 2665 militibus,
965 2596 1109 2658 transiere„

177 2688 215 2746 ad
240 2707 355 2764 regem:
383 2698 412 2745 et
432 2686 565 2744 eenturio
591 2685 677 2759 primi
700 2684 752 2759 pili
779 2684 870 2740 tertia
896 2683 1029 2760 legionis,
1053 2703 1105 2760 per

177 2779 377 2851 munitionem,
391 2797 487 2854 quarn,
499 2776 541 2833 uti
560 2775 736 2846 defenderet,
753 2784 914 2850 acceperat,
928 2775 1026 2834 locum
1040 2775 1106 2834 hos·

176 2868 254 2927 tibus
274 2869 438 2927 introeundi
460 2867 556 2926 dedit:
577 2885 668 2941 eaque
689 2865 826 2924 Numidae
847 2866 947 2924 cuncti
965 2867 1102 2945 irrupere.

176 2959 279 3018 Nostri
305 2961 382 3019 soeda
408 2960 486 3036 luga,
512 2959 642 3034 plerique
669 2958 788 3034 abjectis
812 2960 907 3032 armis,
931 2979 1104 3036 proxumum

176 3051 280 3110 oollem
297 3069 484 3127 occupavere.
525 3049 595 3108 Nox
609 3061 693 3124 atque
706 3050 803 3126 preda
822 3061 980 3110 castrorum
1002 3050 1102 3122 hostis,

176 3160 234 3217 quo
254 3143 350 3202 minus
376 3141 496 3200 victoria
522 3151 679 3212 uterentur,
700 3150 844 3198 remorata
864 3149 939 3197 sunt.
988 3137 1103 3196 Deinde

128 3287 148 3314 ·.
175 3231 320 3310 Iugurtha
333 3244 448 3310 postero
462 3233 509 3290 die
523 3250 589 3290 oum
603 3231 682 3288 Aulo
697 3231 727 3286 in
747 3228 894 3302 colloquio
912 3227 1000 3284 verba
1014 3225 1103 3285 saoit:

176 3325 318 3382 “tametsi
339 3325 433 3401 ipsum
460 3340 528 3380 oum
555 3321 683 3378 exercitu
707 3320 792 3389 same,
814 3318 946 3390 ferroque
974 3316 1104 3376 clausum

172 3425 263 3487 tenet,
278 3425 376 3474 tamen
396 3434 428 3473 se
448 3414 638 3471 humanarum
658 3425 754 3464 rerum
777 3423 944 3478 memorem,
958 3405 983 3464 si
1004 3423 1104 3468 seeum

173 3504 268 3590 faedus
288 3506 408 3577 laceret,
433 3503 594 3564 incolumes
614 3497 710 3556 omnis
731 3498 784 3554 sub
808 3496 909 3572 jugum
934 3498 1103 3559 missurum:

171 3609 324 3676 preterea,
345 3596 389 3654 uti
409 3596 512 3654 dietim
531 3594 633 3652 deeem
649 3587 791 3648 Numidia
804 3587 984 3651 decederea”
1025 3591 1104 3654 Quo

413 3685 433 3741 7
991 3722 995 3728 ,
