2656 4276
232 337 272 400 16
518 353 682 398 smnusrn
705 353 867 399 carmini.

264 497 395 557 XXVII.
429 496 523 575 Igitur
549 496 584 555 C.
608 496 751 555 Manlium
775 496 904 556 Faesulas
926 505 1011 572 atque
1035 496 1067 556 In
1091 515 1157 568 eam

225 599 335 667 partem
369 589 503 661 Etruriae,
532 589 704 665 Septimium
730 589 894 664 quemdam,
921 588 1098 662 Camertem,
1125 591 1157 650 in

227 699 328 759 agrum
338 680 489 752 Picenum,
500 679 535 737 C.
547 679 565 736 J
567 680 658 736 ulium
672 679 702 736 in
717 679 855 754 Apuliam
869 679 978 736 dimisit
986 699 994 749 ;
1016 690 1157 756 preterea

227 771 315 830 alium
330 772 397 842 alio,
410 789 495 846 quem
505 771 612 846 ubique
626 781 819 846 opportunum
839 769 895 826 sibi
920 770 982 828 sore
1007 771 1153 830 credebat.

226 861 342 922 Interea
356 862 460 920 Rome
473 862 564 928 multa
577 862 661 918 simul
683 862 795 918 moliri:
816 861 931 918 consuli
954 861 1073 918 insidias
1093 872 1155 919 ten·

227 952 307 1025 dere,
321 971 422 1030 parare
437 953 581 1024 incendia,
596 961 757 1026 opportuna
770 951 837 1008 loca
851 951 968 1008 armetis
989 951 1154 1011 bominibus

227 1045 377 1103 obsidere:
399 1044 460 1119 ipse
475 1060 541 1098 eum
555 1042 613 1098 telo
627 1059 700 1111 esse,
716 1041 785 1097 item
802 1041 873 1098 alios
892 1042 1013 1118 jubere:
1034 1040 1153 1113 hortari,

227 1135 269 1190 uti
282 1152 394 1208 semper
409 1131 510 1189 intenti
524 1131 674 1206 paratique
687 1141 803 1188 essent:
825 1131 887 1188 dies
901 1142 1060 1206 noctesque
1076 1132 1154 1189 sesti·

225 1241 306 1293 nare,
333 1223 463 1300 vigilare,
490 1240 586 1296 neque
613 1220 764 1278 insomniis
789 1241 882 1297 neque
906 1223 1005 1279 labore
1030 1222 1151 1299 fatigari.

226 1313 385 1384 Postremo,
410 1312 460 1369 ubi
482 1312 573 1369 mult-a
593 1311 712 1387 agitanti
734 1312 805 1368 nihil
829 1313 971 1388 procedit,
994 1332 1092 1370 rursus
1112 1313 1154 1370 in·

226 1413 366 1479 tempesta
380 1413 466 1460 nocte
481 1401 688 1478 conjurationis
709 1402 855 1478 principes
876 1417 1018 1460 convocat
1037 1422 1088 1479 per
1110 1403 1152 1462 M.

226 1494 362 1553 Porcium
377 1494 512 1552 Laecam:
534 1493 640 1568 ibique,
655 1493 746 1550 multa
759 1493 796 1550 de
810 1493 925 1570 ignavia
946 1512 1046 1550 eorum
1072 1513 1153 1568 ques-

226 1595 283 1655 tus,
308 1586 404 1656 docet,
429 1591 448 1619 ‘⁴
461 1603 492 1642 ae
517 1583 660 1640 Manlium
682 1583 855 1658 praemisisse
870 1585 905 1640 ad
919 1601 983 1641 eam
997 1585 1153 1642 multitudi-

226 1692 304 1746 nem,
319 1693 405 1748 quam
420 1675 455 1730 ad
477 1674 620 1747 capiunda
645 1691 723 1731 arma
744 1683 893 1748 paraverat
905 1694 912 1744 ;
935 1675 1004 1731 item
1029 1675 1098 1732 alios
1122 1676 1153 1734 in

228 1763 285 1822 alia
298 1765 363 1822 loca
375 1774 544 1841 opportuna,
560 1763 608 1839 qui
624 1763 738 1821 initium
753 1764 820 1820 belli
841 1763 987 1835 facerent;
1009 1783 1097 1840 seque
1118 1765 1154 1824 ad

227 1855 386 1914 exercitum
399 1854 544 1932 proficisci
559 1873 675 1930 cupere,
690 1855 714 1912 si
739 1855 819 1930 prius
841 1855 1018 1914 Ciceronem
1038 1875 1154 1934 oppres·

227 1947 328 2006 sisset:
349 1965 416 2003 eum
430 1947 490 2002 suis
505 1945 634 2002 consiliis
647 1945 768 2002 multum
779 1945 936 2004 obfioere.¹’
1144 2015 1146 2018 Ι

222 2069 229 2080 -
265 2035 411 2094 XXVIII.
440 2035 542 2112 Igitur,
555 2035 713 2110 perterritis
728 2054 762 2093 ao
776 2035 974 2095 dubitantibus
988 2039 1103 2110 ceteris,
1117 2038 1144 2096 C

227 2125 392 2198 Cornelius,
405 2145 493 2201 eques
515 2126 676 2198 Romanus,
701 2146 818 2203 operam
842 2147 924 2187 suam
944 2129 1102 2203 pollicitus,
1124 2138 1154 2187 et

228 2235 296 2273 curn
321 2235 356 2272 eo
384 2217 416 2273 L.
440 2217 645 2292 Vargunteius,
668 2228 792 2290 senator,
815 2219 990 2276 constituere
1010 2235 1045 2274 ea
1065 2229 1155 2277 nocte

225 2306 324 2382 paullo
337 2316 410 2382 post,
425 2325 491 2364 cum
507 2307 622 2364 armatis
636 2307 810 2379 hominibus,
825 2309 911 2366 sicuti
926 2309 1089 2380 salutatum,
1112 2309 1155 2366 in·

227 2396 316 2454 troire
332 2397 366 2452 ad
381 2397 564 2469 Ciceronem,
581 2417 615 2455 ac
629 2398 664 2454 de
679 2399 833 2474 improviso
855 2400 933 2457 domi
955 2419 1013 2457 suae
1033 2400 1155 2474 impara-

227 2495 287 2544 tum
303 2487 468 2544 confodere.
510 2489 626 2560 Curius,
641 2489 691 2545 ubi
706 2491 846 2566 intellegit
866 2501 1005 2565 quantum
1029 2489 1155 2565 periculi

120 2650 129 2663 ¹
227 2579 340 2667 consuli
355 2579 528 2656 impendeat,
541 2593 662 2655 propere
676 2599 726 2654 per
740 2581 881 2651 Fulviam,
896 2581 1034 2638 Ciceroni
1056 2581 1154 2638 dolum

227 2670 275 2744 qni
290 2671 443 2745 parabatur
457 2671 601 2728 enunciat.
643 2670 688 2728 Ita
701 2671 753 2742 illi,
771 2671 860 2746 janua
872 2671 1020 2745 prohibiti,
1041 2681 1154 2728 tantum

226 2759 339 2816 facinus
354 2761 458 2816 frustra
471 2770 663 2833 susceperant.
705 2760 822 2818 Interea
834 2760 962 2817 Manlios
983 2761 1013 2817 in
1035 2761 1154 2819 Etruria

225 2849 339 2922 plebem
353 2847 519 2917 sollicitare,
534 2857 661 2922 egestate
675 2849 769 2916 simul,
792 2867 826 2903 ac
846 2847 945 2903 dolore
967 2849 1089 2921 injurie,
1104 2869 1155 2909 no·

225 2953 435 2990 rerumrerum
457 2937 601 3009 cupidam,
623 2936 710 3008 qnod,
733 2935 820 2992 Sullae
841 2935 1047 3007 dominatione,
1070 2958 1156 3016 agros

227 3025 360 3101 bonaque
387 3025 485 3082 omnia
513 3025 665 3094 amiserat3
700 3035 838 3100 praeterea
861 3025 987 3084 latrones
1011 3029 1153 3106 cujusque

225 3117 350 3196 generis,
365 3134 485 3192 quorum
505 3117 535 3172 iu
557 3135 592 3173 aa
612 3116 731 3192 regione
753 3136 858 3192 magna
881 3117 966 3192 copia
987 3130 1069 3190 erat;
1095 3141 1153 3179 non

226 3210 321 3268 nullos
335 3229 371 3267 ex
385 3207 513 3266 Sullanis
527 3206 649 3278 colonis,
663 3207 767 3283 quibus
780 3208 880 3268 lubido
895 3217 978 3284 atque
989 3209 1106 3269 luxuria
1117 3229 1154 3270 ex

116 3340 126 3361 .
225 3302 337 3376 magnis
352 3299 460 3377 rapinis
473 3299 545 3356 nihil
560 3299 662 3374 reliqui
677 3299 816 3358 fecerant.

264 3390 380 3448 XXIX.
409 3391 455 3449 Ea
468 3410 556 3466 quum
571 3390 707 3450 Ciceroni
717 3391 933 3458 nunciarentur,
945 3392 1065 3467 ancipiti
1076 3391 1153 3448 malo

225 3488 381 3552 permotus,
395 3482 472 3554 quod
483 3499 577 3556 neque
590 3483 689 3541 urbem
706 3482 741 3538 ab
762 3481 875 3538 insidiis
895 3482 1006 3555 privato
1028 3481 1151 3538 consilio

226 3566 341 3648 longius
354 3570 428 3629 tueri
441 3581 561 3650 poterat,
575 3590 669 3648 neque
682 3569 826 3630 exercitus
840 3570 945 3632 Manlii
959 3584 1092 3649 quantus,
1103 3581 1153 3632 aut
