2656 4276
455 337 620 378 sacrosan
641 337 821 380 mensum.
1063 319 1104 382 61

171 487 355 553 comparato,
375 477 483 536 bellum
505 496 607 554 gerere
620 479 719 554 ooepit,
738 489 766 536 et
780 488 877 556 aperte
890 479 980 538 totius
1000 479 1105 540 Numi·

174 568 232 626 dise
258 567 409 644 imperium
432 579 538 644 petere.
582 569 731 641 Ceterum,
758 588 813 644 qua
836 570 984 647 pergebat,
1013 571 1102 645 urbis,

175 675 259 735 agros
272 669 393 730 vastare,
414 661 526 735 predas
541 676 644 741 agere:
673 661 734 720 saris
752 660 889 733 animum,
904 660 1035 719 hostibus
1047 671 1104 720 ter·

173 765 269 806 rorem
290 768 405 826 augere.

214 837 302 895 XXI.
331 837 477 912 Adherbal
491 841 540 900 ubi
559 842 712 920 intellegit,
725 861 760 900 eo
778 861 956 918 processum,
977 842 1020 901 uti
1039 861 1102 922 reg·

174 946 247 984 num
283 939 331 994 aut
359 930 577 1005 relinquendum
601 943 686 1006 esset,
712 943 762 990 aut
790 933 875 990 armis
910 933 1101 1005 retinendum,

174 1019 340 1076 necessario
363 1021 460 1096 copias
485 1034 576 1098 parat,
602 1035 630 1080 et
653 1023 805 1100 Jugurtha
832 1023 935 1080 obrius
960 1023 1100 1098 procedit.

174 1107 294 1166 Interim
318 1109 394 1166 haud
428 1111 516 1190 longe
545 1132 561 1170 a
587 1113 669 1185 mari,
697 1133 786 1190 prope
813 1115 925 1172 Cirtam
952 1114 1101 1190 oppidum,

174 1198 321 1273 utriusque
334 1202 478 1259 exercitus
488 1203 636 1260 consedit:
658 1213 697 1273 et,
711 1205 778 1277 quia
788 1204 846 1262 diei
857 1215 1018 1262 extremum
1029 1214 1101 1277 erat,

173 1290 305 1363 praelium
317 1309 380 1348 non·
398 1291 556 1365 inceptum.
598 1293 657 1348 Sed
670 1293 721 1348 ubi
741 1293 909 1368 plerumque
929 1296 1025 1351 noctis
1037 1313 1102 1369 pro-

174 1381 272 1450 msit,
298 1381 425 1461 obscuro
446 1381 535 1436 etiam
560 1388 622 1435 turn
648 1381 768 1450 lumine,
791 1373 897 1438 milites
924 1383 1102 1457 iugurthini,

172 1469 260 1544 signo
274 1468 354 1538 dato,
366 1477 460 1523 castra
474 1467 599 1523 hostium
611 1467 749 1524 invadunt
760 1489 767 1537 3
788 1469 976 1528 semisomnos
989 1471 1103 1543 partim,

174 1559 251 1616 alios
271 1575 351 1614 arma
367 1557 506 1614 sumentis
528 1557 628 1633 fugant
649 1557 847 1632 funduntque;
868 1559 1015 1616 Adherbal
1038 1575 1105 1618 cnm

172 1648 277 1725 paucis
299 1647 446 1723 equitibus
460 1647 571 1704 Cirtam
591 1643 729 1724 protirgit,
750 1658 788 1720 et,
802 1649 833 1706 ni
854 1649 1007 1707 multitudo
1025 1660 1106 1727 toga·

174 1748 270 1796 torum
285 1739 396 1810 fuisset,
412 1757 475 1813 qum
494 1737 638 1796 Numidas
652 1739 835 1814 insequentes
853 1739 996 1798 moenibus
1009 1741 1105 1814 probi-

174 1829 248 1902 buit,
267 1849 327 1895 uno
347 1831 395 1888 die
419 1831 492 1888 inter
514 1828 587 1886 duos
610 1849 694 1907 reges
713 1839 837 1905 coeptum
857 1840 942 1904 atque
961 1838 1105 1905 patratum

176 1919 284 1980 bellurn
311 1921 392 1979 foret.
442 1921 534 1997 Igitur
561 1920 706 1998 Jugurtha
737 1921 874 1996 oppidum
907 1919 1103 1993 circumsedit,

176 2011 269 2068 vineis
282 2012 466 2084 turribusque
486 2023 515 2068 et
535 2011 677 2068 machinis
694 2012 825 2069 omniurn
845 2029 983 2088 generum
998 2029 1104 2088 expug-

175 2119 248 2160 nare
276 2097 456 2176 adgreditur;
487 2119 620 2158 maxume
644 2102 781 2159 festinans
803 2112 916 2178 tempus
942 2102 1103 2178 legatorum

177 2201 360 2266 antecapere,
380 2209 461 2265 quos,
487 2201 552 2249 ante
574 2193 704 2267 prelium
727 2193 844 2264 motum,
875 2192 912 2250 ab
935 2192 1103 2251 Adherbale

177 2281 305 2340 Romam
316 2282 419 2339 missos
430 2282 583 2340 audiverat.
613 2284 682 2356 Sed,
690 2293 840 2358 postquam
852 2294 967 2341 senatus
978 2281 1103 2340 debello

178 2389 279 2430 eorum
303 2373 425 2448 accepit,
442 2371 513 2448 [tres
534 2373 745 2452 adulescentes]
766 2374 797 2430 in
810 2373 941 2430 Africam
958 2373 1105 2448 legantur,

178 2462 228 2537 qui
239 2463 338 2520 ambos
351 2481 434 2538 reges
446 2463 558 2534 adeant,
570 2473 686 2520 serimus
697 2463 854 2537 populique
867 2461 995 2518 Romani
1008 2461 1104 2518 verbis

179 2553 328 2625 nuncient,
343 2559 362 2586 “
374 2553 447 2610 relle
466 2564 496 2610 et
515 2561 645 2623 censere,
658 2571 710 2609 eos
725 2552 761 2608 ab
772 2550 858 2607 armis
877 2549 1046 2617 discedere3
1068 2547 1104 2606 de

179 2643 382 2701 controversiis
400 2644 460 2700 suis
478 2643 543 2718 jure
555 2643 662 2716 potius,
673 2657 760 2714 quam
773 2639 850 2696 bello
863 2638 1044 2716 disceptare;
1064 2636 1106 2695 ita

179 2749 266 2807 seque
287 2733 400 2808 illisque
419 2733 540 2810 dignuin
560 2733 651 2790 esse.’'

218 2823 320 2882 XXII.
354 2824 458 2900 Legati
488 2823 518 2880 in
545 2821 676 2880 Africam
710 2829 886 2880 maturantes
915 2820 1044 2892 veniunt,
1069 2835 1108 2880 eo

180 2913 282 2990 magis,
293 2914 370 2988 quod
384 2914 498 2985 Rome,
509 2914 578 2970 dum
589 2911 733 2989 proficisci
746 2923 857 2988 parant,
868 2911 905 2970 de
917 2912 1016 2990 praelio
1027 2911 1106 2970 sacto

179 3012 209 3060 et
222 3004 437 3080 oppugnatione
450 3005 539 3062 cirre
554 3005 741 3062 audiebatur:
763 3003 813 3061 sed
828 3003 853 3060 is
866 3021 963 3060 rumor
978 3002 1107 3059 clemens

180 3103 248 3150 erat.
303 3093 439 3155 Quorum
468 3093 612 3171 iugurtha
638 3103 758 3168 accepta
783 3093 914 3150 oratione
940 3084 1105 3162 respondit:
1158 3117 1167 3131 ·

180 3183 267 3240 “sibi
286 3202 381 3258 neque
405 3185 497 3260 majus
517 3184 681 3258 quicquam,
700 3201 794 3255 neque
817 3180 913 3237 carius
936 3174 1108 3234 auctoritate

178 3259 290 3332 seam:
322 3275 358 3332 ab
379 3273 576 3332 adulescentia
598 3272 640 3328 ita
666 3289 698 3328 se
723 3271 846 3339 enisum,
864 3268 908 3324 uti
933 3266 968 3322 ab
988 3271 1108 3338 optumo

178 3381 296 3440 quoque
317 3367 507 3441 probaretur:
538 3363 653 3430 virtute,
679 3377 740 3415 non
766 3357 885 3427 malitia,
906 3355 939 3414 P.
964 3351 1108 3428 Scipioni,

176 3473 292 3514 nmmo
309 3455 383 3527 viro,
395 3454 557 3530 placuisse:
578 3451 616 3508 ob
630 3447 745 3518 easdem
761 3445 829 3505 artis
846 3447 882 3502 ab
900 3445 1109 3522 Micipsarum

176 3545 302 3623 penuria
318 3545 487 3614 liberorum,
502 3543 533 3600 in
546 3557 666 3618 regnum
689 3538 853 3616 adoptatum
868 3555 947 3598 ease:
969 3547 1110 3604 ceteram,
