2656 4276
449 342 608 386 smnusrsr
630 344 811 386 treunam.
1049 323 1093 390 85

159 485 280 562 negotia
297 484 387 544 multo
405 483 508 560 magis,
522 503 608 558 quam
627 485 757 560 prelium
778 485 852 544 male
872 495 1033 563 pugnatum
1053 487 1091 550 ab

162 577 234 648 uris,
261 595 358 654 regem
381 576 542 632 terrebant:
564 575 681 652 quippe,
699 576 747 633 cui
769 595 833 651 spes
853 578 949 634 omnis
969 579 1000 636 in
1020 579 1091 658 fuga

162 666 216 724 sita
239 677 308 739 erat,
331 667 413 742 sequi
438 668 611 743 engebertum
642 667 742 742 etqui
766 686 818 724 sun
843 668 911 726 loos
930 669 1089 732 defendere

160 758 338 833 nequiverat,
353 758 383 816 in
398 758 499 816 alienis
519 759 627 816 bellurn
651 777 760 835 gerere.
801 758 915 816 Tamen
936 778 973 818 ex
992 761 1087 838 copis,

162 849 241 924 quod
264 859 412 923 optumum
436 849 596 921 videbatur,
621 850 775 906 eonsilium
799 850 894 924 capit:
929 852 1089 912 exereitum

161 938 331 1014 plerumque
345 939 375 996 iu
386 939 476 996 isdem
489 941 564 997 locis
576 940 702 1015 opperiri
713 940 796 1015 jubet
808 959 815 1008 ;
838 941 899 1014 ipre
913 959 980 996 oum
994 942 1090 1000 deleo·

162 1029 201 1086 tis
217 1029 362 1103 equitibus
376 1029 524 1088 Metellum
543 1033 687 1106 sequitur3
709 1031 861 1088 noeturnis
877 1041 907 1088 et
921 1031 992 1090 aviis
1006 1031 1090 1091 itine-

163 1120 240 1178 ribus
263 1120 412 1197 ignoratus
438 1122 587 1180 Romanos
611 1122 734 1198 palantis
757 1133 876 1198 repente
901 1123 1086 1199 adgreditur:

163 1227 261 1268 eorum
278 1211 408 1286 plerique
429 1212 553 1269 inermes
572 1213 689 1282 eadunt,
704 1213 786 1268 multi
809 1214 977 1288 capiuntur;
998 1231 1088 1274 nemo

162 1302 289 1359 omnium
317 1303 445 1359 intaotus
471 1303 616 1376 profugit:
645 1312 675 1357 et
701 1301 837 1359 Numida
861 1304 1031 1376 priusquam
1050 1321 1089 1362 ex

162 1381 263 1450 eastris
276 1390 488 1460 subveniretur,
503 1390 590 1444 sieuti
601 1389 673 1462 jussi
686 1399 778 1457 erant,
793 1389 823 1444 in
836 1409 992 1463 proxumos
1006 1393 1089 1450 oollis

159 1481 326 1538 discedunt.

198 1570 264 1628 LV.
300 1567 423 1626 Interim
444 1567 548 1624 Rornae
566 1566 704 1642 gaudium
726 1565 828 1642 iugens
841 1576 947 1638 ortum,
962 1568 1091 1644 cognitis

160 1660 274 1718 Metelli
302 1659 409 1716 rebus:
438 1669 469 1714 ut
495 1676 583 1732 seque
603 1668 632 1713 et
652 1657 811 1714 exercitum
839 1675 920 1714 more
948 1659 1091 1734 majorum

160 1761 293 1831 gereret3
321 1751 352 1807 in
374 1749 493 1808 advorso
513 1749 590 1820 loon,
613 1749 706 1806 vietor
726 1759 823 1806 tamen
844 1749 949 1806 virtute
970 1751 1089 1823 fuisset;

160 1842 287 1900 hostium
302 1859 373 1918 agro
385 1841 542 1916 potiretur;
564 1839 739 1916 Jugurtham
760 1839 947 1916 magnifieum
963 1858 999 1897 ex
1019 1840 1091 1901 Auli

160 1933 305 2004 socordia,
327 1949 406 2008 spem
427 1931 527 1990 salutis
548 1931 577 1989 in
601 1930 768 2000 solitudine,
784 1940 833 1986 aut
853 1931 929 2007 fuga,
945 1931 1091 2007 coegisset

160 2023 277 2082 habere.
319 2023 422 2094 Iraque
444 2031 560 2078 senatus
581 2022 671 2078 obes
689 2020 812 2078 feliciter
831 2032 896 2079 aeta
916 2023 961 2080 dis
975 2023 1090 2082 immor·

159 2114 269 2172 talibus
295 2111 437 2186 supplieia
464 2111 639 2170 decernere:
672 2111 783 2185 civitas,
807 2113 919 2189 trepida
946 2125 1031 2172 antea
1058 2125 1088 2175 et

159 2203 286 2262 sollieita
306 2201 343 2259 de
365 2201 565 2273 bellimonte,
586 2203 651 2260 leta
672 2221 774 2279 egere:
805 2204 882 2263 fama
903 2205 940 2264 de
964 2205 1087 2266 Metello

159 2293 298 2371 proeolaru
311 2310 383 2350 esse.
423 2291 517 2368 Igitur
531 2311 567 2350 eo
580 2293 718 2352 intentior
733 2293 769 2352 ad
783 2295 934 2354 victoriam
948 2298 1012 2367 niti,
1026 2315 1087 2356 om·

159 2384 246 2444 uibus
259 2383 352 2442 modis
367 2383 501 2440 festinare
513 2403 520 2453 ;
542 2403 644 2442 carere
655 2395 763 2456 tamen,
775 2387 881 2444 neeubi
896 2387 970 2444 hosti
984 2403 1088 2462 oppor-

160 2485 247 2533 tunus
267 2473 367 2532 fieret:
395 2475 569 2545 meminisse,
592 2485 658 2550 post
682 2475 803 2550 gloriam
829 2474 966 2531 invidiam
994 2475 1086 2548 sequi.

160 2563 275 2640 Itaquo
289 2565 401 2636 clarior,
416 2583 451 2622 eo
472 2565 564 2640 magis
584 2565 686 2620 anxins
706 2573 787 2620 erat:
808 2581 913 2636 neque,
933 2573 999 2637 post
1019 2563 1089 2621 insi-

161 2654 224 2712 dias
234 2655 394 2731 iugurthae,
405 2655 497 2714 effuso
511 2653 641 2710 exercitu
653 2652 776 2724 predari
786 2671 793 2708 :
814 2652 864 2708 ubi
875 2651 1028 2722 frumento,
1039 2662 1089 2712 aut

159 2745 265 2822 pabulo
283 2765 356 2822 opus
375 2755 448 2816 erat,
475 2743 611 2802 eohortes
631 2760 698 2800 oum
725 2741 805 2798 omni
833 2741 962 2816 equitatu
990 2742 1088 2818 presi·

160 2835 241 2893 dium
260 2837 423 2914 agitabant:
443 2835 590 2892 exereitus
607 2833 710 2909 partim
730 2832 800 2908 ipse,
824 2833 951 2908 reliquos
974 2833 1086 2898 Marius

160 2925 295 2984 duoebet.
335 2927 395 2986 Sed
409 2927 470 3004 igni
486 2925 588 3002 magis,
601 2943 688 3002 quam
708 2926 813 3001 preda,
830 2943 897 3002 ager
911 2929 1086 2986 vastabatur.

160 3015 284 3074 Duobus
296 3016 379 3088 loeis,
394 3017 470 3075 haud
484 3017 571 3093 longe
591 3017 666 3074 inter
686 3034 727 3088 se,
742 3025 837 3075 eastm
851 3017 1014 3075 feoiebsnt:
1035 3016 1087 3073 ubi

159 3107 187 3166 ri
207 3125 281 3182 opus
300 3117 372 3178 erat,
393 3107 492 3166 enneti
513 3107 649 3176 aderant3
671 3115 811 3177 ueterum,
832 3117 890 3179 quo
910 3107 981 3180 fuga
1001 3113 1088 3174 atque

158 3195 285 3256 formido
306 3197 393 3278 ligius
417 3207 571 3267 cresceret,
587 3195 695 3252 divorsi
716 3197 849 3270 egebant.
891 3193 937 3249 Eo
957 3201 1089 3262 ternpore

158 3285 305 3364 iugurtha
323 3305 375 3364 per
399 3287 483 3347 eollis
511 3285 611 3360 sequi:
632 3293 755 3356 tempus,
780 3290 829 3339 aut
854 3280 953 3337 loeurn
982 3295 1089 3353 pugnis

157 3395 308 3456 querere:
335 3397 394 3456 qua
417 3387 571 3436 venturum
592 3373 704 3429 hostem
729 3369 868 3440 audieret,
891 3367 1029 3444 pabulum
1058 3378 1090 3430 et

157 3486 299 3546 aquuum
313 3469 419 3541 fontes,
434 3485 555 3543 quorum
566 3461 768 3540 penuriaerat,
779 3475 978 3535 eorrumpere:
1000 3459 1089 3548 modo

156 3577 190 3622 ss
210 3559 347 3632 Metello,
370 3558 517 3618 interdum
544 3554 641 3613 Mario
667 3551 838 3610 ostendere:
865 3555 1028 3629 postremos
1055 3550 1088 3610 in
