2682 4268
453 351 618 410 sactusmr
639 367 820 410 susurrus.
1042 345 1103 409 109

179 507 264 566 armis
285 519 408 568 exuerat.
449 511 527 572 Quae
554 519 707 584 postquam
730 509 856 586 gloriosa
883 507 981 578 modo,
1006 525 1101 582 neque

179 599 245 658 belli
257 601 386 675 patrandi
400 601 547 677 cognovit,
569 600 668 658 statuit
687 601 782 670 urbes,
797 617 860 673 quae
881 599 950 655 viris
972 608 1020 654 aut
1033 597 1100 654 loco

177 709 228 766 pro
241 691 379 763 hostibus,
389 700 417 748 et
429 692 579 750 advorsum
590 709 621 748 se
630 691 886 766 opportunissumae
900 700 991 761 erant,
1003 689 1100 766 singu·

176 779 217 838 las
227 782 452 840 circumvenire:
474 783 515 838 ita
525 782 699 858 iugurtham
718 791 767 838 aut
787 781 928 856 praesidiis
948 781 1098 852 nudatum,

177 871 202 928 si
222 891 256 930 ea
277 883 431 948 pateretur,
456 883 504 930 aut
527 873 627 948 praelio
642 859 826 932 certaturum.
868 870 946 928 Nam
964 871 1100 928 Bocchus

170 963 296 1020 'nuncios
321 965 357 1021 ad
377 983 444 1021 eum
466 983 542 1038 saepe
566 964 692 1035 miserat,
721 963 823 1020 “velle
843 961 943 1038 populi
971 955 1101 1022 Romani

177 1053 340 1126 amicitiam,
355 1073 392 1112 ne
407 1055 476 1129 quid
495 1056 531 1112 ab
550 1073 581 1112 se
595 1055 699 1112 hostile
713 1055 855 1112 timeret.'’
898 1052 932 1110 Id
950 1052 1101 1111 simulave-

175 1135 256 1216 rit'ne,
282 1164 339 1221 quo
366 1146 536 1222 improvisus
560 1146 672 1222 gravior
697 1146 852 1216 accideret,
874 1162 911 1201 an
938 1143 1100 1202 mobilitate

175 1233 283 1311 ingenii
304 1255 408 1313 pacem
430 1247 514 1310 atque
536 1237 643 1294 bellurn
665 1247 775 1293 mutare
796 1236 909 1307 solitus,
926 1253 1028 1310 parum
1052 1253 1100 1293 ex·

174 1325 319 1400 ploratum
331 1338 383 1384 est.

212 1417 390 1476 LXXXIX.
419 1417 478 1472 Sed
499 1417 611 1486 consul,
626 1416 668 1472 uti
688 1409 835 1486 statuerat,
849 1417 955 1490 oppida
970 1417 1101 1474 castella·

172 1525 231 1582 que
258 1506 373 1562 munita
401 1505 498 1562 adire:
528 1506 631 1580 partim
659 1506 697 1576 ri,
718 1506 774 1562 alia
793 1515 882 1575 metu,
911 1515 958 1561 aut
984 1505 1103 1580 praernia

173 1596 349 1658 ostentando
368 1605 497 1654 avortere
521 1595 558 1654 ab
581 1596 720 1654 hostibus.
762 1597 810 1652 Ac
829 1595 923 1671 primo
943 1595 1104 1653 mediocria

174 1689 303 1765 gerebat,
331 1687 517 1758 existumans,
545 1686 718 1763 Jugurtham
745 1685 784 1742 ob
811 1705 880 1743 suos
906 1687 1041 1744 tutandos
1071 1686 1102 1744 in

174 1789 453 1837 manducaturum.
496 1779 565 1849 Sed,
581 1777 631 1834 ubi
646 1777 726 1835 illum
745 1777 848 1852 procul
871 1778 980 1848 ab'esse,
995 1787 1025 1834 et
1039 1776 1103 1835 aliis

175 1871 301 1947 negotiis
311 1870 454 1927 intentum
470 1869 592 1944 accepit,
604 1869 714 1944 majora
724 1878 753 1926 et
767 1869 859 1945 magis
871 1885 971 1943 aspera
985 1867 1103 1944 adgredi

175 1968 289 2036 tempus
306 1961 399 2018 visum
413 1970 464 2018 est.
506 1961 577 2018 Erat
598 1960 672 2017 inter
694 1959 820 2036 ingentis
840 1959 1010 2016 solitudines
1024 1959 1103 2035 oppi-

174 2050 246 2109 dum
256 2067 396 2125 magnum
410 2059 494 2124 atque
506 2051 614 2120 valeas,
624 2051 742 2108 nomine
756 2051 861 2126 (lapsa,
874 2051 957 2127 cujus
968 2050 1103 2108 conditor

174 2139 324 2200 Hercules
343 2139 433 2215 Libys
453 2142 671 2198 memorabatur.
713 2142 785 2219 Ejus
804 2143 882 2200 cives
904 2143 979 2219 apud
997 2142 1103 2221 lugur-

140 2246 142 2249 ·
174 2233 254 2289 tham
269 2231 424 2302 immunes,
438 2230 494 2288 levi
516 2232 646 2308 imperio,
669 2242 698 2290 et
712 2233 750 2290 ob
771 2251 806 2291 ea
826 2234 994 2292 fidelissumi
1016 2234 1104 2292 habe·

175 2321 300 2380 bantur:
322 2322 426 2379 muniti
446 2323 597 2381 advorsum
618 2324 709 2380 hostis
725 2343 784 2382 non
804 2326 948 2383 moenibus
961 2326 1059 2396 modo,
1074 2335 1104 2382 ct

177 2413 263 2470 armis
293 2422 378 2488 atque
398 2413 476 2485 viris,
500 2433 600 2472 verum
627 2415 714 2472 etiam
738 2415 830 2472 multo
853 2416 946 2491 magis
970 2415 1104 2472 locorum

177 2504 337 2580 asperitate.
379 2503 468 2575 Nam,
481 2513 584 2578 praeter
607 2505 714 2578 oppido
736 2504 907 2579 propinqua,
930 2503 986 2560 alia
1007 2503 1106 2562 omnia

176 2604 264 2666 rasta,
280 2593 401 2665 inculta,
416 2594 532 2668 egentia
546 2612 636 2666 aque,
649 2593 753 2650 infesta
763 2595 960 2666 serpentibus:
982 2610 1105 2666 quorum

177 2683 228 2756 vis,
247 2683 336 2742 sicuti
352 2682 482 2739 omnium
507 2682 642 2753 ferarum,
657 2682 756 2756 inopia
776 2683 835 2738 cibi
860 2683 969 2741 acrior:
992 2682 1027 2742 ad
1048 2684 1106 2742 hoo

176 2784 281 2832 natura
303 2773 491 2848 serpentium,
506 2773 568 2848 ipsa
585 2773 759 2848 perniciosa,
781 2773 828 2831 siti
843 2775 935 2852 magis
949 2793 1035 2850 quam
1050 2775 1107 2835 alia

177 2881 208 2922 rc
230 2865 409 2922 accenditur.
451 2865 523 2940 Ejus
542 2865 675 2940 potiundi
696 2864 823 2924 Marium
845 2885 979 2926 maxuma
998 2867 1106 2944 cupido

175 2953 331 3022 invaserat,
346 2972 434 3030 quum
447 2965 564 3031 propter
577 2975 662 3014 usum
683 2957 761 3029 belli,
782 2969 843 3016 tom
858 2961 926 3036 quia
938 2979 984 3018 res
1006 2978 1107 3034 aspera

177 3045 348 3116 videbatur3
374 3055 402 3104 et
422 3045 559 3104 Metellus
582 3049 720 3123 oppidum
741 3049 866 3107 Thalam
888 3067 994 3125 magna
1014 3048 1108 3123 gloria

178 3145 304 3212 ceperat,
327 3136 404 3193 hand
419 3137 596 3195 dissimiliter
617 3140 704 3196 sitnm
718 3140 937 3213 munitumque;
959 3137 1016 3194 nisi
1030 3137 1108 3210 quod

179 3227 254 3301 apud
269 3226 395 3284 Thalam
411 3246 469 3285 non
490 3228 577 3302 longe
599 3229 771 3285 amoenibus
786 3229 895 3301 aliquot
908 3227 1002 3283 fontes
1016 3235 1107 3299 crant,

177 3316 343 3392 Capsenses
357 3317 525 3386 anamodo,
541 3326 627 3389 atque
641 3335 676 3373 ea
690 3317 765 3372 intra
785 3316 933 3391 oppidum,
945 3315 1008 3390 jugi
1024 3334 1107 3391 aqua,

177 3415 277 3462 cetera
295 3404 395 3480 pluvia
415 3405 579 3462 utebantur.
621 3403 655 3460 Id
678 3404 786 3476 ibique,
807 3413 836 3460 et
858 3404 888 3460 in
902 3404 982 3462 omni
995 3405 1108 3484 Africa,

176 3511 242 3568 quae
264 3492 368 3568 procul
392 3511 409 3548 a
431 3492 504 3549 mari
525 3490 663 3548 incultius
685 3492 796 3566 agebat,
820 3509 855 3549 eo
874 3492 987 3551 facilius
1006 3497 1110 3556 tolera-
1147 3493 1149 3497 ’

177 3582 272 3656 batur,
297 3582 367 3658 quia
389 3581 526 3729 anpidae
547 3581 717 3666 plerumque
743 3582 820 3642 lacte
846 3595 875 3643 et
901 3583 995 3644 lerina
1021 3605 1109 3646 carne

420 3673 434 3728 l
