2682 4268
494 335 659 378 smnusru
680 301 863 379 maurina.
1095 317 1141 383 99

207 475 335 549 meari,
353 475 473 552 illeque,
494 485 523 535 et
542 478 670 549 domurn,
689 488 721 536 et
740 488 831 537 semet
851 477 912 556 igni
932 487 1137 554 corrumpam

211 578 242 628 et
267 587 337 644 quas
360 567 431 626 victi
454 568 490 626 ab
507 569 638 628 hostibus
657 589 759 646 poenas
778 579 940 629 metuerant
958 588 1010 628 eas
1023 571 1079 647 ipsi
1091 587 1139 631 re·

210 657 304 718 lentes
316 659 488 735 pependere.

248 749 408 808 LXXVII.
430 751 489 807 Sed
502 750 608 826 pariter
622 769 690 809 cum
704 761 790 828 capta
802 751 897 810 Thala
909 751 998 830 legati
1009 769 1046 810 ex
1058 751 1139 830 oppi-

213 837 253 897 do
265 839 350 915 Lepti
364 841 399 898 ad
416 839 567 900 Metellum
588 852 735 915 reumont,
746 853 871 910 orantes,
886 849 905 876 “
917 844 961 900 uti
972 843 1139 918 presidium

214 929 437 1006 praefectumque
459 951 496 990 eo
520 933 666 992 mitteret:
688 933 886 991 Hamilcarem
909 933 1072 1008 quemdam,
1089 933 1139 992 ho·

214 1019 319 1078 minem
343 1023 480 1095 nobilem,
495 1024 657 1096 factiosum,
674 1025 756 1082 novis
776 1024 863 1082 rebus
884 1023 1000 1082 studere
1010 1023 1140 1093 ;·adror·

214 1127 276 1168 mm
301 1131 387 1188 quem
409 1133 502 1190 neque
536 1115 657 1191 imperia
684 1116 913 1194 magistratuum,
933 1133 1028 1188 neque
1058 1114 1138 1191 leges

213 1201 358 1260 valerent:
392 1204 424 1260 ni
451 1204 481 1261 id
512 1205 670 1278 festinaret,
698 1207 728 1263 in
758 1225 871 1264 summo
897 1205 1029 1281 periculo
1055 1221 1138 1264 auam

213 1291 344 1364 salutem,
364 1293 478 1350 illorum
496 1295 695 1352 socios·sore.'’
737 1296 815 1352 Nam
832 1296 978 1370 Leptitani
996 1297 1056 1370 jam
1069 1294 1139 1354 inde
1167 1285 1170 1294 ¹

213 1398 230 1439 a
250 1382 398 1456 principio
423 1382 491 1438 belli
511 1382 681 1457 Iugurthini
708 1385 745 1438 ad
770 1383 899 1440 Bestiam
925 1384 1086 1453 consulem,
1110 1393 1141 1442 et

210 1480 315 1548 postea
335 1471 464 1527 Romam
481 1471 628 1542 miserant,
644 1470 799 1528 amicitiam
819 1471 1046 1544 societatemque
1060 1489 1141 1548 rogu-

211 1569 283 1620 tum,
326 1560 451 1633 Deinde,
466 1561 515 1618 ubi
529 1581 565 1619 ea
587 1562 748 1637 impetrata,
764 1579 876 1636 semper
895 1561 964 1618 boni
985 1561 1141 1636 fidelesque

212 1669 355 1724 mansere,
367 1662 397 1709 et
410 1663 517 1710 ennete
528 1673 544 1712 a
556 1653 663 1724 Bestia,
679 1653 798 1724 Albino,
810 1650 987 1726 Metelloque
1002 1652 1142 1728 imperata

213 1761 286 1807 nare
308 1743 445 1802 fecerant
486 1743 588 1819 Itaque
610 1744 646 1802 ab
670 1743 842 1820 imperatore
860 1741 957 1814 facile,
977 1761 1040 1818 qum
1063 1752 1142 1819 pete·

214 1831 292 1905 bant,
307 1834 411 1910 adepti.
453 1833 574 1894 Emissae
586 1853 624 1893 eo
644 1835 779 1893 cohortes
798 1835 940 1912 Ligurum
958 1843 1091 1908 quatuor,
1112 1843 1143 1893 et

213 1924 249 1986 C.
263 1927 380 1984 Annius
392 1927 552 2001 praelectus.
715 1936 718 1942 '

252 2016 426 2072 Lxxvlll.
446 2016 481 2071 Id
495 2017 631 2091 oppidum
647 2017 683 2074 ab
703 2015 832 2074 Sidoniis
846 2015 997 2075 conditum
1011 2023 1056 2073 est
1069 2029 1142 2090 quos

213 2105 392 2180 accepimus,
406 2104 542 2182 profugos
556 2107 594 2163 cb
614 2106 774 2165 discordias
791 2108 894 2180 civilis,
909 2108 1031 2165 navibus
1044 2105 1075 2164 in
1089 2125 1141 2166 eos

212 2197 295 2256 locos
313 2196 443 2254 venisse:
465 2207 592 2256 ceterum
613 2197 700 2256 situm
723 2198 798 2258 inter
819 2200 891 2257 duas
911 2200 1021 2276 Syrtes,
1035 2197 1140 2274 quibus

212 2303 319 2346 nomen
342 2305 379 2344 ex
401 2307 432 2346 re
453 2288 585 2346 inditum.
625 2289 705 2346 Nam
727 2291 786 2348 duc
807 2300 874 2348 sunt
896 2291 977 2348 sinus
999 2307 1090 2365 prope
1108 2288 1140 2346 in

211 2387 341 2436 extrema
359 2378 470 2450 Africa,
485 2379 608 2456 impares
622 2380 831 2456 magnitudine,
844 2381 908 2456 pari
928 2390 1050 2436 natura:
1071 2377 1141 2453 quo·

212 2485 277 2528 rum
289 2487 430 2545 proxuma
449 2480 533 2539 nrrre
553 2469 672 2544 praealta
693 2479 779 2540 sunt;
801 2481 909 2539 cetera,
923 2469 967 2525 uti
991 2469 1050 2524 fors
1063 2467 1140 2538 tulit,

213 2558 271 2618 alta
294 2559 360 2630 alia,
383 2559 439 2616 alia
470 2559 694 2634 intempestate
716 2560 832 2617 vadosa
884 2557 963 2613 Nam
986 2556 1037 2612 ubi
1060 2571 1141 2614 mare

213 2667 349 2726 magnum
368 2667 432 2706 esse
446 2659 475 2705 et
498 2648 598 2705 saerirc
619 2648 712 2704 ventis
728 2648 825 2723 coepit,
843 2647 944 2704 limum
967 2661 1141 2719 arenamque

213 2749 243 2798 et
255 2759 324 2798 saxa
337 2739 469 2818 ingentia
488 2738 594 2797 fluctus
607 2738 724 2796 trahunt
735 2758 742 2796 :
764 2739 804 2797 ita
817 2737 909 2796 facies
922 2737 1051 2795 locorum
1073 2751 1142 2796 cum

213 2831 306 2888 ventis
320 2831 404 2890 simul
419 2839 552 2889 mutatur.
595 2831 695 2906 Syrtes
710 2831 745 2888 ab
758 2839 854 2888 tractu
868 2829 1032 2888 nominate.
1068 2827 1141 2906 Eius

213 2920 338 2980 civitatis
361 2921 460 2998 lingua
483 2921 570 2980 modo
590 2940 731 2980 conversa
753 2921 902 2980 connubio
925 2919 1139 2980 Numidarum:

212 3008 321 3088 legum,
349 3012 500 3088 cultusque
523 3013 659 3089 pleraque
683 3014 841 3084 Sidonica3
872 3031 936 3088 que
963 3029 1000 3069 eo
1025 3009 1141 3066 facilius

213 3101 387 3173 retinebant,
398 3103 475 3178 quod
488 3105 588 3180 procul
604 3104 640 3161 ab
654 3104 773 3179 imperio
786 3104 864 3180 regis
878 3111 992 3158 etatem
1008 3097 1141 3171 agebant.

213 3187 294 3252 Inter
315 3191 380 3250 illos
400 3203 429 3252 et
449 3196 627 3270 frequentem
647 3193 816 3252 Numidiam
838 3189 922 3248 multi
935 3187 1065 3267 vastique
1082 3184 1142 3244 loci

213 3292 305 3340 erant.
397 3323 399 3329 ·

253 3371 397 3434 LXXIX.
419 3373 488 3444 Sed,
499 3369 636 3448 quoniam
655 3369 685 3428 iu
699 3369 751 3428 lras
763 3368 899 3446 regiones
911 3383 962 3441 per
976 3363 1142 3441 Leptitano-

213 3481 279 3524 rum
300 3464 419 3542 negotia
438 3465 579 3534 venimus,
599 3479 658 3520 nou
676 3460 834 3538 indignum
857 3456 970 3515 ridetur
992 3456 1143 3536 egregium

215 3565 302 3632 atque
314 3553 448 3612 mirabile
462 3554 574 3612 sumnus
594 3551 717 3611 duorum
737 3547 1022 3628 Carthaginiensium
1035 3563 1143 3606 memo·
