2656 4276
493 307 659 350 amusan
680 305 841 350 ornamur.
1089 291 1132 356 2¹1

200 458 289 524 atque
313 449 424 508 Sullam
448 458 551 520 antea3
582 467 615 506 se
638 449 753 509 tertium
778 468 851 521 esse,
874 449 923 508 cui
947 449 1036 508 tarum
1058 451 1133 512 soret

201 540 283 598 urbis
302 541 406 616 potiri:
430 550 570 617 preterea
593 541 630 600 ab
650 541 772 600 incenso
792 541 940 616 Capitolio
962 541 1045 600 illum
1068 562 1133 604 esse

202 631 372 708 vigesimum
395 651 512 704 annum,
535 651 620 708 quem
642 651 718 708 stepe
739 651 774 690 ex
796 633 937 710 prodigiis
963 633 1133 710 haruspices

199 723 417 798 ¹respondissent
428 723 503 780 bello
514 723 593 780 civili
604 734 756 782 cruentum
768 724 857 782 fore.''
880 724 984 801 Igitur,
995 725 1132 800 perlectis

199 812 315 884 litteris,
327 833 415 888 quum
429 814 508 889 prius
518 833 618 872 omnes
632 816 715 892 signa
725 835 779 872 sua
788 815 1003 892 cognovissent,
1014 826 1132 875 senatus

202 903 343 976 decernit,
373 905 443 962 “uti
477 907 609 964 abdicato
633 907 802 983 magistratu
830 906 982 977 Lentulus,
1007 907 1133 981 itemque

202 995 292 1052 ceteri
307 995 336 1052 in
348 995 446 1052 liberis
467 997 607 1054 custodiis
624 996 827 1055 haberentur.''
869 996 972 1070 Itaque
992 997 1134 1055 Lentulus

201 1085 233 1142 P.
262 1085 388 1144 Lentulo
415 1088 573 1162 Spintheri,
599 1088 648 1163 qui
679 1099 740 1146 turn
768 1087 861 1146 aedilis
887 1097 959 1159 erat,
985 1088 1134 1165 Cethegus

199 1175 240 1238 Q.
255 1176 426 1248 Cornificio,
449 1179 581 1235 Statilius
602 1179 637 1236 C.
653 1179 772 1250 Caesari,
794 1179 937 1239 Gabinius
957 1177 998 1236 M.
1013 1180 1132 1253 Crasso,

200 1266 352 1342 Coeparius
376 1265 458 1344 (nam
479 1269 504 1324 is
527 1269 626 1343 paullo
654 1280 720 1326 ante
743 1288 779 1326 ex
801 1269 871 1346 biga
893 1279 1035 1328 retractus
1055 1271 1132 1349 erat)

199 1357 255 1416 Cn.
270 1359 414 1416 Terentio
434 1358 562 1414 senatori
582 1357 742 1414 traduntur.

241 1447 385 1504 XLVIII.
412 1446 529 1502 Interea
550 1446 659 1519 plebes,
677 1447 877 1520 conjuratione
897 1447 1052 1520 patefacta,
1072 1466 1136 1520 qun

201 1536 308 1614 primo,
320 1535 428 1610 cupida
441 1553 538 1592 rerum
550 1553 699 1607 novarum,
711 1535 798 1592 nimis
809 1536 885 1592 bello
896 1536 1017 1608 favebat,
1029 1545 1139 1596 mutata

200 1637 309 1700 mente,
326 1627 462 1684 Catilinae
477 1627 601 1684 consilia
618 1628 772 1699 exsecrari,
786 1628 962 1686 Ciceronem
976 1629 1012 1686 ad
1031 1629 1137 1687 crelam

201 1720 321 1778 tollere:
343 1719 431 1776 veluti
442 1737 479 1776 ex
492 1719 629 1776 servitute
639 1729 747 1794 erepta,
759 1719 897 1796 gaudium
913 1731 997 1794 atque
1007 1720 1138 1780 laeritiun

204 1811 338 1888 agitabat
380 1809 517 1884 Namque
528 1808 585 1867 alia
599 1809 667 1866 belli
679 1809 809 1867 facinora
822 1811 925 1886 praedae
937 1811 1039 1886 magis,
1052 1827 1138 1884 quam

200 1901 377 1962 detrimento
391 1901 468 1971 fore;
491 1901 661 1958 incendium
678 1919 747 1958 vero
762 1901 890 1972 crudele,
905 1901 1137 1974 immoderatum,

202 2011 239 2052 ac
252 1993 309 2050 sibi
322 2011 455 2048 maxume
474 1991 673 2049 calamitosum
689 1993 825 2068 putabat3
848 1991 953 2068 qnippe
973 1993 1021 2050 oui
1035 2009 1137 2052 omnes

203 2082 297 2158 copiae
318 2081 349 2139 in
381 2100 434 2139 usu
457 2082 604 2139 cotidiano
624 2093 654 2140 et
674 2084 755 2140 cultu
775 2083 905 2158 corporis
925 2094 1015 2142 erant.
1066 2082 1137 2142 Post

202 2192 272 2234 eum
292 2173 380 2244 diem,
402 2173 518 2247 quidam
533 2174 567 2230 L.
582 2173 761 2249 Tarquinius
782 2176 818 2232 ad
839 2185 971 2232 senatum
992 2177 1136 2233 adductus

202 2273 275 2337 erat,
293 2283 379 2340 quem
404 2263 440 2320 ad
463 2264 619 2322 Catilinam
645 2265 878 2340 proficiscentem
906 2285 942 2324 ex
965 2267 1069 2324 itinere
1093 2285 1137 2324 re-

204 2365 329 2414 tractum
350 2355 473 2414 aiebant.
514 2354 544 2413 ls
566 2374 655 2432 quum
676 2375 707 2414 se
735 2357 845 2415 diceret
875 2358 1071 2416 indicaturum
1100 2355 1137 2414 de

204 2447 415 2522 conjuratione,
427 2446 451 2502 si
462 2446 534 2504 fides
546 2447 665 2522 publica
675 2448 741 2506 data
755 2459 846 2517 esset;
866 2449 962 2523 jussus
975 2469 991 2506 a
1004 2448 1135 2519 consule,

204 2556 268 2613 quar
299 2539 396 2608 sciret,
420 2538 545 2610 edicere,
572 2539 675 2594 eadem
703 2539 772 2608 fere,
804 2557 867 2611 qnae
891 2539 1072 2606 Volturcius,
1099 2537 1136 2592 de

205 2628 312 2704 paratis
332 2628 484 2700 incendiis,
500 2629 537 2684 de
558 2628 638 2685 caede
653 2629 804 2696 bonorum,
819 2626 856 2682 de
876 2626 979 2682 itinere
999 2625 1136 2699 hostium,

206 2727 338 2776 sanatum
364 2719 468 2776 docet:
501 2729 650 2794 preterea,
676 2723 739 2773 “se
765 2716 885 2774 missum
908 2735 924 2774 a
953 2715 995 2774 M.
1019 2716 1136 2789 Crasso,

206 2808 257 2885 qui
268 2807 399 2867 Catilinae
414 2810 576 2882 nunciaret,
592 2827 631 2866 ne
642 2827 708 2866 eum
720 2809 860 2866 Lentulus
874 2818 903 2866 et
916 2808 1074 2885 Cethegus,
1088 2806 1137 2866 alii

204 2917 243 2965 ex
255 2901 454 2976 conjuratione
475 2901 646 2976 deprehensi
667 2909 807 2958 terrerent
818 2921 825 2972 ;
848 2919 940 2977 eoque
958 2902 1051 2978 magis
1071 2917 1137 2975 prc-

205 3001 318 3068 peraret
345 2992 381 3048 ad
402 2992 504 3050 urbem
530 2993 678 3064 accedere,
700 3011 758 3066 quo
779 3003 808 3050 et
835 3004 997 3050 ceterorum
1025 2992 1137 3049 animos
1227 3023 1229 3026 v

205 3081 347 3153 reliceret,
368 3091 399 3140 et
422 3082 464 3139 illi
485 3083 599 3140 facilius
622 3083 793 3158 epericulo
817 3082 1023 3157 eriperentur.”
1077 3079 1136 3137 Sed

207 3171 258 3237 ubi
277 3171 455 3248 Tarquinius
476 3174 613 3232 Crassum
638 3173 808 3242 nominavit,
827 3171 975 3228 hominem
997 3165 1136 3242 nobilem,

207 3263 347 3320 maxumis
360 3265 478 3336 divitiis,
493 3283 605 3322 summa
617 3263 763 3337 potentia;
786 3261 844 3330 alii,
858 3277 920 3316 ram
935 3254 1137 3316 incredibilem

206 3353 279 3424 rati;
299 3373 375 3430 pars,
397 3355 512 3412 tametsi
533 3371 633 3410 verum
653 3351 875 3419 existumabant,
896 3358 1004 3418 tamen,
1019 3346 1087 3421 quia
1105 3347 1137 3408 in

204 3445 255 3503 tali
282 3455 412 3521 tempore
433 3457 514 3503 tanta
534 3445 577 3501 vis
602 3440 728 3499 hominis
755 3438 848 3514 magis
870 3439 1018 3511 leniunda,
1051 3457 1137 3514 qnam

203 3537 380 3622 exagitanda
389 3536 556 3608 ridebatu13
578 3534 708 3616 plerique
719 3529 825 3596 Crasso
836 3549 872 3592 ex
885 3531 1009 3611 negotiis
1019 3528 1137 3608 privatin
