2656 4276
209 353 254 421 00
487 367 653 410 smansrrr
675 365 858 411 suenrus.

209 509 354 577 &murum
375 508 516 580 dicerent,
532 527 567 568 ac
580 507 643 568 siue
657 507 716 566 ulla
730 507 867 583 pactione
880 522 943 564 sese
956 521 1141 582 regnumque

208 619 294 678 quum
308 601 338 660 in
352 600 430 658 illius
444 600 531 658 fidem
544 598 686 656 tradere.''
727 596 865 656 Metellus
878 613 1002 671 propere
1015 606 1143 657 cunctos

208 691 346 754 tenatorii
360 690 471 749 ordinis
482 709 519 748 ert
529 689 657 748 bibernis
671 687 803 747 arcessiri
814 687 916 762 jubet:
937 705 1037 746 eorum
1053 697 1140 760 atque

209 781 342 854 aliorum,
366 799 438 856 quos
463 781 585 838 idoneos
611 779 744 849 ducebat,
770 776 925 836 consilium
954 777 1049 834 babet.
1091 777 1139 834 Ita

207 889 288 930 more
303 872 452 947 majorum,
467 889 504 928 ex
517 869 632 928 consilii
647 869 775 939 decreto,
789 885 840 943 per
860 867 972 943 legatos
986 865 1138 942 Iugurthae

208 961 330 1038 inperat
354 961 464 1038 argenti
477 961 574 1036 pondo
587 959 713 1016 ducenta
733 957 833 1028 millia,
847 957 1018 1032 elephantos
1032 956 1136 1028 omnis,

207 1069 348 1128 equorum
369 1061 398 1108 et
420 1067 564 1108 armmum
586 1049 773 1124 aliquantum.
813 1047 891 1110 Qum
907 1047 1137 1122 postquamsine

206 1159 289 1202 mora
312 1142 486 1212 factasunt,
505 1139 589 1215 jubet
608 1138 703 1196 omnis
720 1137 856 1214 perfugas
877 1137 990 1196 vinctos
1013 1137 1134 1197 adduci:

206 1247 307 1290 eorum
318 1248 423 1305 magna
432 1247 509 1305 pars,
521 1228 563 1286 uti
575 1229 687 1305 jussum
697 1238 769 1299 erat,
783 1227 917 1298 adducti;
938 1227 1036 1302 pauci,
1048 1244 1135 1302 quum

204 1320 331 1400 primum
349 1319 458 1378 deditio
479 1319 578 1394 caepit,
593 1318 629 1376 ad
649 1336 747 1396 regem
768 1318 920 1378 Bocchum
939 1317 971 1376 in
990 1315 1136 1376 Maureta·

205 1411 285 1470 niam
308 1411 446 1471 abierant.
488 1409 580 1486 Igitur
602 1408 757 1486 Iugurtha,
778 1409 828 1466 ubi
850 1408 937 1466 armis
961 1408 1088 1483 virisque
1107 1418 1135 1466 et

205 1503 333 1580 pecunia
347 1501 485 1578 spoliatus
498 1510 552 1574 est,
566 1519 634 1558 cum
648 1500 710 1576 lpse
724 1499 760 1558 ad
774 1499 973 1574 imperandum
987 1498 1134 1559 Tisidium

205 1603 370 1662 vocaretur,
381 1611 480 1650 rursus
494 1591 581 1666 coepit
591 1590 709 1648 flectere
721 1590 849 1648 animum
862 1607 957 1660 suurn,
968 1599 997 1646 et
1010 1607 1048 1647 ex
1061 1589 1135 1648 mala

205 1682 387 1740 conscientia
415 1682 503 1759 digna
528 1682 639 1738 timere.
681 1679 817 1754 Denique
838 1679 937 1738 multis
960 1678 1065 1738 diebus
1083 1697 1133 1755 per

204 1771 416 1830 dubitationem
437 1772 633 1847 consumptis;
656 1788 745 1844 quum
759 1770 847 1829 modo
867 1769 954 1828 taedio
968 1788 1066 1830 rerum
1087 1769 1134 1830 ad-

204 1881 353 1922 vorsarum
376 1862 475 1922 omnia
493 1861 569 1920 bello
589 1863 702 1937 potiora
722 1861 852 1932 duceret,
869 1860 1014 1920 interdum
1034 1877 1132 1921 secum

205 1953 266 2030 lpse
280 1964 435 2030 reputaret,
450 1971 536 2027 quam
558 1953 652 2029 gravis
672 1971 757 2010 casus
771 1951 801 2008 in
822 1951 972 2010 servitium
989 1969 1026 2010 ex
1044 1967 1133 2028 regno

200 2043 295 2115 foret;
318 2044 416 2102 multis
435 2043 606 2120 magnisque
626 2041 767 2118 praesidiis
788 2041 982 2118 nequicquam
1002 2041 1132 2117 perditis,

204 2133 241 2190 de
263 2135 376 2210 integro
398 2134 507 2192 bellum
527 2133 622 2192 sumit
664 2133 703 2191 Et
718 2132 822 2190 Romae
839 2141 956 2190 senatus
969 2131 1007 2190 de
1020 2132 1132 2208 provin·

204 2222 260 2282 ciis
274 2222 423 2279 consultus
437 2223 607 2278 Numidiam
623 2222 744 2280 Metello
760 2222 934 2280 decreverat.

242 2311 355 2370 LXIII.
384 2311 439 2368 Per
461 2311 537 2368 idem
561 2321 674 2386 tempus
697 2312 791 2370 Uticae
811 2312 884 2370 forte
907 2311 941 2370 C.
956 2310 1064 2386 Mario,
1081 2329 1130 2389 per

202 2401 312 2460 hostias
323 2401 368 2459 dis
379 2401 562 2476 supplicanti,
578 2408 597 2434 “
609 2420 715 2478 magna
726 2412 811 2477 atque
821 2402 964 2460 mirabilia
973 2403 1129 2479 porterum

202 2493 346 2570 haruspex
360 2493 489 2552 dixerat:
511 2499 529 2525 ‘⁶
541 2492 663 2568 proinde
684 2512 747 2566 que
767 2493 863 2553 animo
885 2493 1021 2570 agitabat,
1043 2493 1132 2552 fretus

202 2583 247 2644 dis
259 2596 356 2662 ageret
367 2585 533 2655 ;·s0rtuuam
545 2603 631 2660 quam
642 2583 808 2660 sepissume
819 2583 995 2660 experiretur
1002 2605 1009 2654 ;
1025 2594 1131 2642 cuncta

201 2693 340 2752 prospera
353 2677 519 2736 eventura.’'
561 2675 602 2733 At
626 2674 706 2732 illum
723 2673 784 2750 jam
806 2683 891 2732 antea
908 2675 1076 2734 consulatus
1089 2675 1131 2732 iu·

200 2783 273 2844 gens
297 2767 404 2842 cupido
431 2765 611 2842 exagitabat:
645 2765 680 2822 ad
704 2783 789 2840 quem
814 2765 1001 2840 capiundum,
1028 2776 1130 2842 praeter

201 2863 374 2913 vetustatem
394 2854 520 2926 famiIIae,
540 2855 597 2912 alia
609 2854 708 2912 omnia
729 2855 844 2912 abunde
857 2864 956 2925 erant3
979 2855 1129 2926 industria,

199 2941 336 3018 probitas„
364 2941 474 3004 militie
497 2961 603 3020 magna
629 2943 761 3016 scientia,
785 2945 898 3004 animus
922 2945 991 3002 belli
1016 2946 1128 3022 ingens,

201 3031 281 3090 domi
294 3031 438 3112 medicus,
449 3031 588 3089 lubidinis
602 3042 630 3090 et
641 3032 806 3092 divitiarum
817 3035 918 3107 victor,
930 3035 1132 3093 tantummode

199 3123 300 3204 gloriae
315 3122 422 3184 avidus.
458 3121 518 3180 Sed
539 3121 564 3180 is
584 3132 679 3194 natus,
690 3133 718 3181 et
731 3141 847 3184 ornnem
856 3124 1010 3200 pueritiam
1025 3123 1129 3200 Arpini

200 3214 284 3289 altus,
308 3215 358 3274 ubi
383 3213 509 3290 primum
529 3223 598 3272 aetas
617 3213 728 3272 militie
753 3215 866 3292 patiens
893 3214 957 3286 fuit,
978 3214 1129 3290 stipendiis

200 3303 354 3378 faciundis,
377 3324 437 3365 non
450 3306 555 3364 Graeca
578 3304 725 3376 facundia,
739 3324 834 3380 neque
847 3304 966 3365 urbanis
979 3303 1129 3362 munditiis

199 3413 262 3454 sese
285 3396 432 3454 exercuit:
454 3396 495 3454 ita
515 3395 589 3455 inter
612 3396 680 3456 artis
701 3396 792 3454 bonas
813 3395 959 3470 integrum
980 3394 1130 3471 ingenium

198 3483 280 3540 brevi
295 3485 427 3550 adolevit.
469 3485 549 3564 Ergo
570 3485 620 3543 ubi
633 3485 757 3561 primurn
776 3484 955 3542 tribunatum
974 3484 1131 3542 militarem

199 3571 335 3650 apopulo
349 3574 430 3648 petit,
444 3574 590 3650 plerisque
609 3575 715 3632 faciem
735 3573 798 3652 ejus
816 3573 1028 3651 Ignorantibus,
1043 3574 1129 3632 facile
