2656 4276
375 367 378 374 .
468 353 634 398 ssnnosnrr
658 354 818 397 osnrnrrtn.
1067 324 1112 396 -rd

176 496 334 576 nequdmt.
376 499 417 557 At
436 495 521 554 nobis
541 507 586 555 est
599 497 678 555 domi
700 497 806 573 inopia,
821 497 892 554 soris
910 515 949 553 tes
963 495 1107 568 alienum-3

176 591 255 648 mala
280 609 336 662 res,
358 591 425 666 Ques
451 589 543 646 multo
571 589 715 663 asperior:
750 588 884 663 donique,
909 587 978 662 quid
1004 587 1109 662 reliqui

177 682 327 754 habemus,
340 692 444 756 preter
464 681 599 738 miseram
621 681 768 737 animaml
808 679 891 742 Quin
910 679 998 755 igitur
1012 696 1110 754 exper-

179 773 348 848 gisciminil
389 771 436 828 En
463 772 522 842 illa,
546 770 596 828 illa
615 789 700 846 quam
718 777 804 846 'saepe
831 771 960 845 optastis,
981 770 1109 838 libertas,

179 875 321 944 praterea
333 862 448 932 divitias,
470 863 569 933 decus,
588 862 689 938 gloria,
711 862 740 918 in
762 861 856 918 oculis
876 861 931 917 rita
950 853 1032 916 sirntl
1056 860 1111 918 sor·

181 951 253 1010 tuna
273 953 370 1009 omnia
389 971 424 1010 ea
443 953 600 1010 victoribus
619 953 739 1027 praemia
753 951 858 1026 posuit.
901 950 973 1021 Res,
987 960 1110 1024 tempus,

180 1043 319 1119 pericula,
347 1053 468 1119 egestas,
497 1044 566 1101 belli
597 1044 688 1118 spolia
714 1042 870 1119 magnifica
906 1041 1000 1118 magis
1025 1059 1112 1116 quam

181 1135 273 1192 oratio
295 1153 359 1191 mea
384 1150 434 1190 vos
461 1135 620 1190 hortentur.
665 1133 721 1190 Vel
749 1133 932 1208 imperatore,
954 1133 998 1190 vel
1020 1131 1111 1190 milite

181 1243 227 1280 me
241 1225 376 1282 utimini:
398 1243 492 1298 neque
514 1224 637 1293 animus,
651 1242 744 1298 neque
759 1241 864 1298 corpus
878 1242 895 1280 a
907 1223 990 1280 vobis
1011 1222 1111 1281 aberit.

181 1315 255 1372 Haeo
271 1317 342 1390 ipsa,
352 1327 385 1372 ut
398 1333 493 1388 spero,
504 1313 655 1370 vobiscum
664 1333 724 1370 una
736 1314 838 1370 consul
851 1332 949 1389 agam3
974 1314 1029 1370 nisi
1039 1314 1113 1372 sorte

82 1443 91 1461 .
181 1429 229 1467 me
250 1411 364 1466 animus
384 1409 467 1476 fallit,
489 1417 519 1462 et
539 1425 589 1462 vos
609 1405 715 1462 servire
742 1406 834 1481 magis
860 1425 945 1479 quarn
973 1407 1114 1478 imperare

182 1499 277 1576 parati
295 1498 393 1554 estis.”

224 1586 311 1646 XXI.
345 1588 506 1663 Postquam
531 1605 669 1662 accepere
693 1605 728 1646 ea
751 1587 892 1661 homines,
915 1589 1022 1664 quibus
1041 1588 1117 1648 mala

185 1679 300 1739 abunde
314 1680 413 1736 omnia
426 1689 518 1750 erant,
529 1679 579 1735 sed
594 1698 688 1754 neque
699 1699 754 1751 res,
766 1699 860 1755 neque
874 1699 938 1755 spes
949 1682 1026 1737 bona
1040 1681 1114 1751 ulla;

184 1771 350 1829 tamenetsi
372 1770 430 1827 illis
449 1770 547 1844 quieta
567 1789 682 1828 movere
700 1789 805 1847 magna
825 1790 937 1828 merces
957 1772 1117 1843 videbatur,

184 1871 283 1919 tamen
306 1861 453 1937 postulare
474 1860 613 1936 plerique,
632 1861 674 1917 uti
695 1872 879 1936 proponeret,
902 1881 965 1937 quae
988 1861 1118 1920 conditio

186 1953 258 2010 belli·
281 1952 374 2021 soret;
403 1970 466 2026 quar
487 1951 606 2026 praemia
626 1952 711 2008 armis
737 1962 884 2026 peterent3
913 1953 982 2028 quid
1010 1953 1117 2028 ubique

186 2042 251 2118 opis
272 2052 320 2098 aut
341 2042 403 2116 spei
424 2042 571 2098 haberent.
612 2041 691 2099 Turn
705 2033 832 2100 catilina
851 2044 983 2118 polliceri
1004 2043 1117 2102 tabulas

186 2151 287 2196 novas,
301 2132 540 2207 proscriptionem
558 2132 756 2208 locupletium,
773 2134 965 2210 magistratus,
985 2135 1118 2192 sacerdo·

186 2224 238 2294 tia,
251 2224 377 2298 rapinas,
390 2223 446 2280 alia
459 2223 629 2298 trinisque
645 2224 751 2282 bellum
766 2235 850 2300 atque
860 2226 960 2283 lubido
974 2227 1117 2284 victorum

187 2315 249 2371 lert.
298 2314 443 2372 Praeterea
464 2333 526 2370 esse
548 2315 577 2370 in
599 2314 742 2390 Hispania
763 2317 897 2374 citeriore
917 2316 1064 2388 Pisonem,
1086 2316 1117 2374 in

123 2473 130 2482 θ
188 2403 365 2462 Mauritania
381 2421 447 2461 cum
469 2405 598 2462 exercitu
612 2405 643 2463 P.
659 2406 777 2464 Sittium
793 2407 987 2479 Nucerinum,
1002 2405 1119 2465 consilii

188 2495 233 2552 sni
254 2496 425 2570 participes:
456 2505 554 2570 petere
578 2497 760 2554 consulatum
782 2497 818 2554 C.
841 2499 1012 2568 Antonium,
1032 2513 1119 2572 quem

189 2585 245 2642 sibi
266 2585 406 2662 collegam
427 2586 489 2643 sore
511 2597 648 2660 speraret,
669 2587 817 2643 hominem
841 2597 870 2642 et
893 2586 1072 2655 familiarem,
1090 2595 1120 2642 et

155 2733 165 2744 ,
189 2675 325 2732 omnibus
349 2677 611 2734 necessitudinibus
646 2676 892 2732 circumventum:
927 2693 994 2731 curn
1022 2694 1058 2732 eo
1088 2693 1121 2733 se

190 2766 340 2822 consulem
358 2765 470 2823 initium
493 2767 596 2843 agendi
620 2766 771 2824 facturum.
813 2766 861 2824 Ad
876 2765 942 2837 hoc,
957 2765 1120 2826 maledictis

189 2855 320 2932 increpat
340 2857 434 2914 omnis
449 2859 556 2916 bonos:
578 2877 694 2916 suorum
715 2877 949 2934 unumquemque
965 2861 1120 2918 nominans

188 2947 323 3010 laudare:
353 2949 525 3006 admonebat
553 2950 638 3006 aliurn
667 2951 813 3026 egestatis,
842 2949 929 3007 alium
953 2951 1120 3026 cupiditatis

189 3056 258 3110 suae,
274 3039 435 3113 complures
455 3040 577 3114 periculi
598 3051 646 3097 aut
668 3041 844 3116 ignominias,
867 3041 972 3097 multos
991 3039 1120 3096 victorie

190 3127 327 3199 Sullanae,
350 3129 454 3204 quibus
476 3149 511 3186 ea
538 3131 641 3204 praedae
666 3129 765 3188 fuerat.
807 3131 964 3202 Postquam
990 3126 1120 3184 ornnium

190 3217 301 3274 animos
313 3219 414 3278 alacris
426 3221 520 3290 ridet3
543 3221 720 3291 cohortatus,
729 3231 761 3277 ut
770 3219 939 3296 petitionem
952 3235 1032 3273 suam
1043 3234 1120 3276 curae

188 3307 336 3381 haberent,
352 3322 528 3369 conventum
542 3309 660 3366 dimisit.

224 3397 329 3458 XXII.
364 3401 460 3458 Fuere
479 3419 515 3457 ea
532 3407 711 3473 tempestate,
726 3399 776 3473 qui
797 3397 938 3469 dicerent,
953 3397 1119 3472 Catilinam,

185 3491 317 3548 oratione
337 3491 447 3562 habita,
462 3509 552 3565 quum
567 3490 601 3546 ad
620 3487 821 3564 jusjurandum
833 3489 986 3565 populares
1000 3491 1120 3550 sceleris

183 3582 229 3640 sui
253 3582 395 3651 adiceret,
414 3581 534 3646 hanani
555 3579 685 3656 corporis
706 3581 887 3660 sanguinent,
909 3582 977 3640 rino
997 3579 1121 3656 permix-
