2656 4276
244 367 284 432 tt
529 383 695 430 succussu
717 385 878 430 οιτιιιιιι.

242 537 314 600 tum,
329 527 360 586 iu
383 527 490 605 putoris
510 527 741 600 circumtulisse3
769 527 838 586 inde
851 544 941 604 quum
953 535 1020 603 post
1042 525 1175 590 edsecra·

241 619 351 678 tionem
363 637 464 680 omnes
477 620 716 698 degustavissent,
730 619 816 679 sicuti
831 617 863 677 in
883 618 1062 678 solemnibus
1081 619 1173 680 sacris

241 709 304 770 lieri
334 711 493 784 consuevit,
521 711 667 790 aperuisse
697 709 852 772 consilium
883 729 978 787 suum,
1007 721 1092 787 atque
1124 729 1172 784 co,

241 788 385 876 dictitare,
399 802 513 876 lesisse,
527 823 585 880 qno
599 805 675 862 inter
692 803 724 864 s's
737 803 788 862 fidi
809 803 902 880 magis
920 801 1023 872 forent,
1035 803 1108 862 alius
1122 802 1172 862 alii

239 894 314 952 tanti
332 887 469 954 IacInoris
482 895 602 954 conscii,
644 894 787 956 Nonnulli
803 893 872 952 ficta
892 902 922 951 et
942 891 1015 966 huc,
1030 903 1060 952 et
1080 894 1171 954 multa

238 995 380 1063 praeterea
406 987 627 1058 existumabant,
651 986 688 1043 ab
709 985 755 1056 iis,
776 985 826 1060 qui
847 983 1001 1042 Ciceronis
1018 983 1169 1057 scaldiam,

241 1095 305 1152 qus
326 1087 429 1152 postea
448 1087 511 1134 orta
528 1085 582 1148 est,
598 1075 683 1133 leniri
704 1076 862 1134 credebant
879 1075 1029 1133 atrocitate
1053 1075 1170 1134 sceleris

239 1183 352 1237 eorum,
371 1167 420 1242 qui
441 1184 541 1242 poenas
558 1165 705 1225 dederant.
746 1165 842 1224 Nobis
865 1185 901 1226 ea
921 1185 967 1225 res
987 1183 1040 1243 pro
1060 1165 1170 1244 magni·

239 1255 341 1316 tudine
354 1275 454 1332 parurn
469 1267 617 1334 comperta
629 1267 682 1314 est.

279 1346 398 1406 XXIII.
427 1349 485 1407 Sed
505 1349 534 1407 in
548 1367 584 1407 ea
601 1347 801 1425 conjuratione
822 1348 876 1406 lirit
893 1347 934 1410 Q.
949 1347 1066 1420 Curius,
1085 1357 1170 1407 natus

240 1437 318 1498 haud
331 1440 458 1499 obscuro
470 1439 547 1513 loco,
561 1439 678 1518 flagitiis
697 1450 781 1516 atque
802 1439 978 1498 facinoribus
999 1449 1168 1515 coopertus;

240 1549 327 1607 quern
349 1551 483 1591 censores
504 1542 615 1604 senatu,
639 1531 736 1607 probri
755 1532 858 1610 gratia,
875 1542 1048 1590 amoverant.
1089 1531 1170 1590 Huic

240 1622 353 1682 homini
373 1641 432 1680 non
453 1623 548 1680 minor
566 1622 676 1680 vanitas
694 1623 796 1693 inerat,
810 1640 896 1697 quom
916 1622 1060 1680 audacias
1075 1639 1169 1696 neque

240 1711 373 1783 reticere,
393 1731 457 1786 qum
472 1711 610 1784 audierat,
624 1731 718 1788 neque
739 1723 850 1770 memet
868 1713 929 1788 ipse
950 1714 1060 1772 scelera
1072 1713 1170 1770 occul·

240 1811 318 1862 tare:
352 1821 470 1879 prorsus
496 1821 591 1879 neque
621 1803 730 1876 dicere,
757 1821 852 1879 neque
882 1804 988 1876 facere,
1014 1805 1169 1880 quicqum

239 1895 323 1971 pensi
349 1894 482 1954 habebat.
532 1893 604 1953 Erat
630 1895 658 1954 ei
692 1913 759 1952 cum
787 1895 899 1965 Fulvia,
923 1895 1044 1954 mullera
1067 1893 1168 1966 nobili,

241 1979 330 2062 stupri
345 1998 426 2044 vetus
440 1985 638 2043 consuetudo:
668 1985 717 2043 cui
740 2003 828 2060 quum
846 1985 942 2042 minus
962 1996 1060 2063 gratus
1084 1995 1168 2057 esset,

241 2076 309 2150 quia
323 2075 421 2151 inopia
435 2077 530 2134 miuus
551 2067 650 2153 largiri
667 2086 789 2152 poterat,
804 2085 922 2152 repente
940 2077 1066 2154 glorians
1080 2076 1170 2134 maria

240 2176 410 2241 montesque
423 2167 554 2242 poIIIceri
569 2168 656 2245 coepit
664 2189 672 2238 ;
693 2178 723 2226 et
736 2166 839 2225 minari
855 2167 998 2224 interdum
1012 2167 1098 2237 ferro,
1112 2165 1170 2224 nisi

241 2256 367 2314 obnoxia
387 2257 475 2326 soret3
504 2268 650 2333 postremo
673 2258 800 2316 ferocius
823 2258 940 2335 agitare,
961 2273 1046 2330 quam
1067 2256 1170 2315 solitus

239 2357 310 2406 erat.
351 2348 393 2406 At
414 2347 527 2418 Fulvia,
546 2348 707 2408 insolentias
728 2349 811 2408 Curii
835 2367 938 2406 caussa
964 2345 1091 2424 cognita,
1112 2346 1171 2405 tals

239 2437 401 2514 periculum
411 2439 578 2514 reipublice
592 2440 669 2497 haud
684 2441 832 2498 occultum
847 2439 964 2510 habuit;
985 2438 1045 2510 sed,
1057 2436 1170 2495 sublato

241 2540 370 2603 auctore,
397 2530 434 2589 de
462 2530 597 2589 catilina
629 2531 825 2607 conjuratione
855 2550 918 2605 quae
942 2547 1056 2605 quoque
1082 2527 1170 2587 modo

240 2621 381 2695 audierat,
396 2622 593 2699 compluribus
613 2621 747 2680 narravit.
788 2619 834 2678 Ea
851 2640 897 2678 res
916 2620 1056 2696 imprimis
1076 2617 1170 2677 studia

240 2711 390 2772 hominum
406 2715 539 2774 accendit
554 2711 590 2771 ad
604 2713 785 2771 consulatum
802 2711 997 2769 mandandum
1013 2709 1053 2766 M.
1068 2707 1170 2767 Tullio

239 2803 387 2862 Ciceroni.
442 2804 577 2876 Namque
611 2814 696 2860 antea
727 2803 863 2875 pleraque
897 2801 1032 2856 nobilitas
1062 2798 1170 2857 invidia

240 2892 389 2963 estuabat,
403 2900 433 2947 et
453 2892 535 2964 quasi
550 2889 641 2963 pollui
661 2888 844 2946 consulatum
865 2888 1031 2957 credebant,
1046 2889 1071 2943 si
1092 2907 1169 2961 eum,

240 2981 369 3056 quamvis
389 2981 533 3057 egregius,
551 2978 638 3033 homo
658 2995 749 3034 novus
770 2975 889 3047 adeptus
911 2973 993 3030 soret.
1035 2975 1105 3050 Sed,
1119 2977 1169 3038 ubi

239 3072 401 3151 periculum
416 3070 540 3140 advenit,
555 3065 664 3124 invidia
678 3076 762 3141 atque
776 3063 911 3138 superbia
923 3065 1078 3140 postfuere.

278 3163 395 3225 XXIV.
423 3161 525 3239 Igitur,
547 3156 674 3214 comitiis
694 3154 810 3226 habitis,
831 3155 966 3214 consules
988 3152 1169 3218 declarantur

239 3253 282 3316 Il.
298 3256 415 3314 TuIIIus
426 3263 455 3310 et
468 3251 503 3308 C.
514 3245 679 3332 Antonius3
700 3245 777 3323 quod
786 3245 893 3304 sactum
906 3248 1001 3324 primo
1013 3251 1167 3327 populares

119 3337 126 3355 ¹
240 3344 449 3422 conjurationis
467 3349 661 3399 concusserat.
702 3339 807 3416 Neque
825 3349 922 3398 tamen
936 3339 1071 3398 Catilium
1092 3341 1168 3400 furor

240 3435 440 3494 minuebatur:
461 3433 511 3491 sed
527 3432 557 3490 iu
572 3429 633 3489 dies
646 3432 729 3508 plura
748 3432 857 3508 agitare
866 3451 873 3501 ;
896 3449 975 3490 arma
987 3450 1038 3506 per
1056 3430 1169 3489 Italiam

239 3523 314 3585 locis
333 3524 502 3600 opportunis
528 3542 646 3601 pararc;
677 3523 842 3601 pecuniam,
864 3541 916 3580 sua
938 3532 987 3581 aut
1011 3522 1169 3580 amicorum

240 3615 299 3678 lide
314 3625 458 3696 sumptam
478 3625 621 3692 mutuam,
635 3615 763 3675 Faesulas
786 3613 823 3673 ad
849 3611 994 3676 Manlium
1017 3613 1169 3688 quemdam
