2656 4276
485 353 649 402 smaosru
671 354 832 404 ernnust.
1076 333 1115 406 tl

193 497 348 561 Catilinam
368 501 502 578 persequi
519 511 659 574 maturet3
681 501 787 560 Cicero
804 500 870 559 urbi
893 501 1028 577 presidio
1049 503 1115 561 sit”

193 590 240 650 Ea
267 602 433 667 tempestate
465 592 537 650 mibi
564 593 716 668 imperinm
742 593 841 668 populi
868 591 997 650 Romani
1024 594 1116 654 multo

193 700 325 740 maxume
339 682 503 740 miserabile
516 683 609 740 visum
624 695 683 741 est:
705 685 753 742 cui
767 703 856 759 quum
871 685 906 741 ad
927 702 1064 741 oocasum
1080 686 1115 744 ab

191 786 257 844 ortu
284 775 353 831 solis
377 773 475 830 omnia
498 774 606 832 domita
630 775 715 832 armis
736 784 887 850 parerent;
918 775 997 832 domi
1024 776 1115 834 otium

196 874 281 938 atque
306 864 422 935 divitiae,
444 883 506 939 quae
529 865 620 940 prima
651 866 785 922 mortales
805 875 916 940 putant,
940 865 1114 937 adfluerent;

195 953 380 1011 fueretamen
395 955 472 1012 cives
485 955 534 1030 qui
557 975 644 1031 seque
660 974 779 1031 remque
799 956 945 1032 publicam
965 956 1117 1014 obstinatis

194 1045 296 1103 animis
308 1045 450 1120 perditum
469 1047 552 1104 irent.
593 1046 738 1122 Namque,
754 1047 858 1104 duobis
874 1046 966 1104 senati
981 1047 1115 1119 decretis,

192 1154 229 1194 ex
251 1145 330 1194 tanta
350 1136 543 1207 multitudine,
567 1155 661 1210 neque
681 1137 800 1212 praemio
824 1137 959 1194 inductus
986 1138 1117 1214 conjura·

191 1225 301 1283 tionem
318 1228 504 1302 patefecerat,
523 1245 617 1300 neque
635 1246 671 1284 ex
691 1227 793 1283 castris
815 1227 949 1284 Catilinae
966 1228 1116 1302 quisquam

193 1317 322 1373 omniurn
344 1317 532 1373 discesserat:
553 1326 633 1372 tanta
648 1317 691 1371 vis
712 1316 816 1386 morbi,
832 1316 945 1394 (atque)
960 1317 1002 1373 uti
1025 1319 1116 1393 tabes,

192 1406 345 1482 plerosque
365 1406 473 1461 civium
495 1405 606 1459 animos
626 1405 776 1460 invaserat.

233 1493 397 1550 XXXVII.
432 1492 538 1564 Neque
563 1492 653 1548 solum
676 1493 732 1548 illis
758 1491 852 1548 aliena
874 1511 955 1549 mens
978 1503 1049 1564 erat,
1071 1495 1119 1569 qui

196 1584 308 1644 conscii
329 1581 554 1659 conjurationis3
575 1582 626 1638 sed
647 1582 765 1640 omnino
785 1593 890 1640 cuncta
909 1585 1017 1658 plebes,
1035 1603 1120 1644 nova·

193 1695 259 1733 rum
277 1693 373 1732 rerum
394 1673 499 1743 studio,
515 1672 648 1730 Catilinae
669 1673 784 1748 incepta
803 1675 950 1748 probabat.
991 1675 1026 1730 Id
1048 1677 1119 1735 adeo

195 1783 275 1822 more
299 1783 352 1821 suo
372 1763 521 1820 videbatur
546 1762 649 1821 lacere.
691 1763 769 1820 Nam
797 1782 907 1840 semper
935 1765 965 1821 in
993 1765 1119 1838 civitate,

195 1857 301 1932 quibus
314 1874 384 1930 opes
398 1854 484 1911 nullae
505 1864 581 1924 sunt,
598 1854 681 1910 bonis
702 1855 841 1924 invident,
857 1854 946 1911 malos
960 1855 1118 1925 extollunt;

195 1957 291 2004 vetera
305 1947 402 2015 odere,
417 1963 492 2001 nova
506 1953 659 2017 exoptant3
681 1944 749 2000 odio
762 1961 878 2000 suarum
898 1963 992 2000 rerum
1015 1945 1119 2004 mutari

196 2037 295 2094 omnia
308 2035 440 2104 student;
461 2035 544 2091 turba
562 2045 645 2108 atque
664 2034 853 2091 seditionibus
873 2035 935 2092 sine
949 2054 1020 2093 cura
1040 2036 1118 2094 aluu-

195 2137 252 2198 tur,
276 2125 413 2200 quoniam
436 2135 547 2200 egestas
569 2124 654 2181 facile
677 2126 797 2182 babetur
819 2125 882 2182 sine
905 2127 1016 2184 damno.
1059 2127 1118 2184 Sed

195 2217 306 2276 urbana
328 2216 438 2292 plebes,
460 2233 495 2272 ea
513 2233 580 2271 vero
600 2233 728 2290 praeceps
746 2225 807 2272 erat
828 2215 925 2272 multis
943 2215 979 2273 de
998 2215 1116 2275 caussis.

196 2307 324 2364 Primum
352 2306 491 2377 omnium,
516 2307 565 2380 qui
592 2307 698 2382 ubique
723 2309 829 2382 probro
854 2318 936 2382 atque
960 2308 1119 2382 petulantia

197 2415 330 2455 maxume
343 2396 533 2470 praestabant;
556 2396 623 2452 itern
644 2397 690 2454 alii
708 2416 759 2471 per
778 2398 922 2454 dedecora
939 2397 1119 2472 patrimoniis

199 2488 322 2557 amissis3
344 2499 489 2561 postremo
500 2505 599 2544 omnes
610 2506 682 2561 quos
696 2487 836 2562 flagitium
848 2497 897 2543 aut
911 2486 1023 2543 lacinus
1033 2487 1120 2543 domo

198 2579 359 2652 expulerat3
380 2579 401 2634 ii
425 2577 560 2647 Romam,
580 2577 666 2633 sicuti
688 2577 718 2631 iu
742 2577 894 2644 sentinam,
914 2575 1119 2632 confluxerant.

199 2667 324 2736 Deinde,
355 2667 436 2723 multi
472 2685 614 2724 memores
642 2663 768 2721 Sullenae
801 2662 940 2732 victorie,
968 2663 1055 2736 quod,
1086 2679 1122 2720 ex

199 2756 339 2834 gregariis
365 2757 501 2814 militibus
535 2757 606 2813 alios
636 2764 783 2811 senatores
809 2753 954 2825 videbant,
983 2755 1054 2811 alios
1082 2753 1122 2814 ita

199 2848 310 2918 divites,
326 2847 367 2903 uti
385 2847 466 2923 regio
485 2848 563 2904 victu
585 2856 668 2920 etque
689 2845 769 2902 cultu
790 2855 902 2903 etatem
923 2855 1050 2922 agerent,
1065 2846 1121 2904 sibi

199 2939 326 3014 quisque,
348 2938 372 2994 si
397 2939 426 2994 in
452 2938 538 2994 armis
561 2937 664 3007 forent,
687 2955 723 2993 ex
746 2937 867 2994 victoria
887 2937 958 2994 tolia
978 2939 1120 3011 sperabat.

199 3029 352 3099 Praeterea,
378 3027 522 3104 juventus,
549 3047 611 3102 quae
640 3027 669 3083 in
698 3027 783 3102 agris,
811 3045 948 3084 manuum
977 3025 1121 3094 mercede,

200 3119 326 3194 inopiam
339 3119 519 3188 toleraverat,
534 3117 651 3193 privatis
673 3127 756 3190 atque
775 3117 901 3190 publicis
920 3111 1123 3185 largitionibus

200 3210 304 3280 excita,
327 3211 469 3266 urbanum
494 3209 584 3266 otium
603 3209 717 3282 ingrato
737 3206 829 3262 labori
849 3202 1020 3279 praetuleret.
1063 3199 1122 3259 Eos

201 3309 285 3374 etque
300 3301 370 3356 alios
386 3300 481 3357 omnis
502 3299 608 3355 malum
628 3297 776 3370 publicum
797 3294 898 3350 alebat.
939 3289 1009 3349 Quo
1029 3291 1123 3349 minus

198 3391 371 3461 mirandum,
386 3389 519 3446 homines
533 3385 654 3463 egentis,
668 3383 751 3440 malis
764 3382 901 3450 moribus,
916 3398 1050 3438 maxuma
1063 3399 1122 3458 spe,

197 3482 367 3558 reipublice
379 3479 463 3554 juxta
478 3497 512 3535 ac
526 3478 582 3534 sibi
596 3471 784 3534 consuluisse.
825 3470 977 3542 Praeterea,
991 3489 1122 3547 quornm,

196 3573 319 3634 victoria
354 3569 455 3640 Sullae,
482 3579 616 3645 parentes
643 3561 806 3645 proscripti,
834 3561 910 3620 bona
940 3571 1049 3639 crepta,
1077 3561 1124 3635 jus
