2682 4268
232 363 298 430 116
507 381 673 426 siccusrn
694 381 874 426 incussus.

228 524 352 588 cumfusi
367 534 466 583 crum:
488 523 613 598 demque
627 521 755 582 Rornsui
776 534 898 594 veteres,
919 521 1057 598 novique,
1071 535 1103 584 et
1122 527 1160 588 ob

226 633 264 678 su
276 617 402 674 scientes
422 615 500 688 belli,
525 615 550 672 si
575 633 649 690 quos
672 614 764 685 locus,
788 624 837 674 sut
851 632 937 672 casus
955 615 1158 692 conjunxerat,

226 708 311 768 urbes
325 707 437 776 fscere3
459 717 545 780 atquc
559 706 608 763 'its
627 706 663 763 sb
682 705 817 766 cunibus
836 705 967 781 portibus
986 707 1073 766 slmul
1088 709 1158 768 tecti

225 807 258 858 st
270 798 404 856 instructi
419 799 544 855 hostIum
558 797 616 854 risu
629 795 838 854 sustentabunt

267 887 409 945 XCVIII.
447 887 552 963 Neque
575 887 606 944 in
630 905 666 944 eo
689 896 748 944 tun
772 903 873 961 sspsro
901 887 1021 963 negotio
1045 887 1157 948 Murius

227 979 354 1050 territus,
370 989 419 1036 rut
438 979 530 1054 magis
554 995 640 1053 quum
655 987 740 1034 suteu
753 976 879 1034 demisso
900 977 998 1035 snimo
1012 977 1084 1036 fuit:
1106 980 1157 1038 sed

227 1087 295 1130 cnm
314 1079 409 1127 turmc
426 1087 487 1138 suu,
501 1086 589 1141 quum
608 1085 644 1125 ex
664 1066 838 1125 fortissumis
858 1067 952 1144 magis
976 1087 1063 1142 quum
1078 1069 1157 1128 fumi·

226 1157 406 1227 unimanus,
427 1167 584 1232 paraverat,
605 1157 703 1234 regeri
724 1157 846 1233 possim:
871 1176 906 1216 uc
919 1159 1007 1216 ruodo
1026 1159 1157 1218 laborau-

226 1247 304 1308 tibus
325 1249 386 1304 suis
409 1265 589 1320 succurrere,
620 1247 708 1306 modo
732 1248 834 1320 hostis,
861 1247 911 1306 ubi
942 1248 1156 1310 confertissumi

226 1339 406 1410 obstiterunt,
421 1338 573 1396 invadere:
594 1357 682 1396 moun
692 1339 847 1398 consulere
856 1339 1007 1410 militibus,
1018 1340 1155 1414 quonism

226 1427 379 1505 Imperare,
391 1429 571 1488 conturbstis
582 1430 726 1501 omnibus,
737 1447 798 1488 non
807 1439 927 1505 poterut.
960 1429 1155 1504 Jsmquedies

226 1531 416 1596 consumptus
439 1533 510 1592 erst,
533 1538 622 1595 quum
643 1530 740 1580 tumen
768 1520 882 1578 hsrbsri
902 1519 975 1578 nihil
999 1521 1153 1593 remittere,

227 1620 323 1685 utque,
338 1612 380 1668 nti
394 1629 477 1688 reges
495 1622 702 1686 preceperunt,
716 1621 833 1670 noctem
853 1628 907 1686 pro
920 1629 953 1668 su
973 1611 1039 1683 ruti,
1061 1611 1155 1670 corius

226 1699 342 1760 instare.
384 1701 463 1759 Tum
484 1701 597 1760 Murius
617 1720 653 1759 ex
666 1702 751 1777 copia
771 1719 868 1759 rerum
889 1701 1043 1760 consilium
1058 1701 1153 1773 trahit,

226 1800 321 1866 utque,
333 1792 375 1850 uti
388 1793 450 1850 suis
459 1792 589 1868 receptui
603 1791 686 1850 locus
696 1801 780 1863 essct,
795 1791 879 1848 collis
892 1791 965 1852 duos
978 1792 1154 1866 propinquus

225 1881 301 1942 inter
321 1901 352 1940 se
366 1893 506 1958 occupat:
527 1901 651 1956 quorum
665 1883 695 1940 in
715 1900 785 1954 uno,
805 1881 907 1940 castris
927 1901 1029 1957 purum
1050 1881 1152 1957 amplo,

226 1969 291 2030 fons
318 1991 398 2048 uque
425 1991 548 2049 mugnus
570 1982 649 2042 eret3
675 1972 746 2030 slter
769 1972 835 2030 usui
861 1982 1051 2047 opportunus,
1075 1972 1153 2047 quis,

224 2079 330 2138 magns
343 2073 424 2139 purte
437 2063 532 2122 editus
553 2073 582 2120 ct
595 2081 733 2140 preceps,
747 2081 841 2138 puucs
853 2063 1034 2121 munimento
1047 2079 1155 2138 quere·

225 2151 282 2208 bst.
323 2152 460 2210 Ceterum
473 2153 548 2227 opud
559 2172 661 2226 equum
677 2154 788 2210 Sullam
799 2171 867 2210 curn
877 2153 1023 2226 equitibus
1036 2162 1151 2210 noctem

225 2240 334 2316 egium
357 2241 448 2316 jubet.
490 2243 556 2314 Ipse
582 2242 731 2316 paullatim
759 2243 903 2318 dispersos
923 2242 1038 2313 milites,
1059 2259 1152 2317 neque

224 2329 320 2390 minus
347 2329 477 2388 hostibus
504 2331 693 2402 conturbatis,
721 2331 752 2388 in
778 2351 870 2390 unum
894 2332 1055 2390 contrahit:
1085 2331 1151 2392 dein

223 2429 347 2480 cunctos
359 2419 446 2494 pleno
464 2419 555 2496 gredo
569 2420 600 2478 iu
614 2420 719 2478 collem
733 2422 878 2480 subducit.
920 2422 967 2480 Itu
986 2441 1080 2498 reges,
1094 2422 1152 2482 loci

223 2510 392 2570 difficultate
410 2510 515 2582 coacti,
528 2510 628 2586 proelio
648 2511 844 2582 deterrentur;
865 2531 960 2586 neque
973 2522 1070 2571 tamen
1085 2529 1152 2572 snos

222 2601 339 2679 longius
360 2602 439 2660 ubire
460 2602 567 2674 sinunt,
582 2603 643 2673 sed,
658 2613 780 2678 utroque
800 2602 875 2662 colle
892 2602 1077 2662 multitudiue
1098 2603 1152 2662 cir·

223 2694 369 2765 oumdato,
384 2693 467 2752 effusi
489 2695 654 2752 consedere.
696 2693 774 2752 Dsin
797 2693 906 2752 crebris
920 2694 1036 2770 ignibus
1057 2693 1150 2766 factis,

221 2782 392 2858 plerumque
416 2786 511 2843 noctis
541 2785 655 2842 bsrburi
679 2801 732 2842 sno
758 2800 839 2842 more
868 2785 969 2856 loturi,
997 2785 1150 2857 exsultare,

221 2881 348 2945 strepere
370 2873 505 2928 vocibus:
526 2883 556 2930 ct
570 2874 624 2947 ipsi
638 2875 728 2937 ducos
748 2873 870 2947 feroces,
885 2876 953 2950 quis
965 2894 1025 2934 non
1040 2875 1149 2952 frigere,

223 2970 308 3034 etque
321 2979 375 3034 pro
396 2961 554 3019 victoribus
568 2981 661 3038 agere.
704 2966 813 3024 Sedes
830 2975 938 3024 cuncta
951 2966 1095 3024 Romanis
1114 2983 1150 3024 cx

220 3051 349 3111 tenebris
363 3061 392 3108 et
406 3051 575 3109 editioribus
588 3053 662 3111 locis
680 3055 777 3114 Iscilis
790 3057 863 3130 visu,
878 3075 1042 3134 magnoque
1056 3056 1150 3113 hortu·

221 3153 319 3203 mento
333 3153 423 3202 erunt.

260 3233 373 3294 XCIX.
402 3233 563 3292 Plurimum
577 3253 644 3293 reru
659 3235 772 3295 Murius
785 3237 929 3312 imperitis
943 3238 1070 3295 hostium
1080 3255 1149 3294 con·

220 3321 359 3396 firmatus,
384 3344 470 3400 quoru
498 3345 664 3386 maxumum
687 3328 833 3386 silentium
858 3328 957 3386 heberi
981 3328 1080 3404 jubet:
1111 3345 1149 3386 ne

219 3414 303 3500 signs
323 3417 451 3489 quidem,
463 3417 506 3474 uti
525 3436 577 3493 per
597 3418 711 3495 vigilius
730 3419 872 3490 solebant,
887 3437 1008 3476 ornere:
1032 3417 1148 3490 deiude,

220 3503 270 3564 ubi
284 3504 334 3560 lux
348 3507 528 3578 adventabrt,
543 3509 664 3566 defessis
682 3509 740 3584 jum
761 3508 902 3579 hostibus,
918 3518 947 3565 et
966 3507 1065 3583 paullo
1083 3517 1149 3568 unte

219 3611 322 3652 somno
333 3596 485 3669 captis-de
505 3598 661 3671 improuiso
680 3597 792 3676 vigiles,
808 3595 878 3656 item
901 3597 1077 3669 cohortium,
1090 3607 1151 3656 tor»
