2656 4276
242 335 287 406 ot
524 354 688 400 ssucusmr
709 353 891 398 munerun.

244 517 302 578 quo
314 499 398 576 pluru
411 498 486 556 bene
507 507 593 573 utque
610 505 726 556 strenue
748 495 874 569 fecisset,
888 511 925 554 eo
946 493 1075 554 animum
1089 513 1174 558 suum

243 591 378 668 injuriam
404 589 501 647 minus
536 587 678 646 tolerare:
700 585 897 645 Adherbalem
922 585 997 642 dolis
1023 585 1090 644 vitro
1114 606 1174 647 sue

244 681 427 750 insidiatum
452 679 530 754 quod
554 678 605 736 ubi
629 675 826 753 comperisset,
848 675 953 734 sceleri
976 675 1038 752 ejus
1059 677 1174 736 obvium

244 771 320 832 isse:
340 770 479 848 populum
501 769 669 827 Romanum
690 785 785 843 neque
804 777 1003 841 restemque
1022 785 1075 842 pro
1095 768 1173 828 bono

244 861 398 934 lucturum,
417 860 442 919 si
456 860 492 918 ub
508 860 573 936 jure
587 859 717 938 gentium
730 877 794 916 sese
806 856 1002 933 prohibuerit:
1026 867 1172 933 postremo

244 952 281 1012 de
295 952 430 1011 omnibus
442 952 529 1009 rebus
541 951 652 1028 legatos
665 949 792 1006 Romam
810 947 890 1005 brevi
904 948 1087 1006 missurum.”
1129 947 1172 1007 Itu

244 1044 358 1118 utrique
374 1041 582 1120 digrediuntur.
624 1039 799 1098 Adherbalis
819 1037 983 1116 adpellundi
1005 1038 1091 1115 copis
1112 1055 1170 1097 non

245 1132 306 1191 fuit

282 1219 401 1280 XXIII.
428 1221 447 1278 J
450 1221 583 1298 ugurtha,
596 1220 647 1278 ubi
667 1237 718 1278 eos
731 1219 834 1278 Africo
847 1219 1006 1278 decessisse
1019 1229 1099 1278 rutus
1119 1229 1172 1293 est,

243 1329 348 1387 neque,
371 1321 487 1388 propter
508 1311 567 1368 loci
591 1321 734 1382 naturum,
756 1311 868 1369 Cirtam
896 1310 982 1368 ermis
1007 1328 1171 1388 expugnare

242 1412 348 1480 potest,
363 1401 436 1460 rollo
451 1412 536 1476 utque
552 1400 630 1459 fosse
641 1401 748 1459 moeniu
761 1400 931 1471 circumdat,
942 1400 1029 1458 turris
1042 1400 1170 1473 exstruit,

244 1511 351 1570 eosque
370 1493 511 1570 presidiis
532 1492 645 1550 firmet:
675 1502 814 1568 preterea
837 1491 909 1562 dies,
933 1502 1102 1565 noctesque,
1125 1501 1172 1550 out

243 1601 295 1661 per
324 1585 393 1656 vim,
421 1593 470 1640 aut
502 1583 577 1640 dolis
609 1592 767 1658 temptare;
799 1580 998 1639 defensoribus
1035 1582 1170 1639 moenium

243 1673 364 1750 premiu
391 1674 488 1745 modo,
512 1673 599 1730 modo
623 1673 805 1730 formidinem
828 1681 989 1741 ostentare;
1011 1691 1079 1729 suos
1110 1672 1171 1729 bor·

244 1763 334 1822 tundo
343 1763 378 1822 ed
389 1763 523 1820 virtutem
533 1763 660 1840 erigere3
681 1781 798 1839 prorsus
809 1762 936 1820 intentus
946 1772 1054 1820 cuncta
1063 1780 1169 1838 perure

244 1852 403 1926 Adherbal,
417 1853 468 1912 ubi
486 1852 627 1932 intellegit
648 1853 742 1910 omnis
763 1871 829 1910 sues
844 1851 972 1910 fortunas
993 1853 1024 1909 in
1045 1862 1171 1910 extremo

244 1943 324 2015 situs,
335 1945 446 2002 bostem
458 1943 603 2015 infestum,
613 1943 710 2000 auxilii
721 1961 801 2017 spem
812 1942 930 2014 nullum,
941 1943 1063 2018 penuria
1077 1959 1171 2000 rerum

244 2034 471 2094 necessariorum
494 2033 602 2090 bellum
619 2033 695 2090 trabi
715 2051 773 2090 non
792 2050 877 2108 posse
888 2053 896 2103 3
917 2051 953 2090 ex
975 2032 1029 2104 his,
1045 2033 1095 2107 qui
1115 2050 1171 2090 uns

244 2123 356 2182 Cirtam
369 2124 564 2200 profugerunt,
579 2122 652 2180 duos
665 2141 798 2180 maxume
816 2123 963 2200 impigros,
978 2122 1096 2198 delegit,
1111 2140 1168 2193 coe,

244 2212 336 2270 multu
347 2213 522 2286 pollicendo,
538 2231 572 2270 ao
593 2213 756 2270 miserendo
775 2231 873 2270 cusum
895 2231 989 2283 suum,
1011 2213 1169 2284 confirmat,

244 2300 287 2358 uti
308 2319 358 2376 per
381 2301 505 2358 hostium
527 2301 702 2360 munitiones
721 2313 810 2360 noctu
835 2303 871 2360 sd
891 2321 1062 2379 proxumum
1083 2319 1168 2374 mure,

245 2379 313 2448 dein
327 2389 453 2446 Romam
465 2401 626 2466 pergerent

283 2480 398 2539 xxlv.
426 2480 456 2538 N
458 2482 562 2541 umidae
575 2483 676 2559 paucis
690 2483 792 2541 diebus
803 2484 883 2560 jussu
896 2483 1045 2542 efficiunt:
1069 2484 1169 2542 littere

245 2569 419 2630 Adherbalis
446 2573 476 2632 in
502 2582 604 2632 senatu
631 2574 769 2645 recitutae,
797 2593 917 2649 quarum
946 2575 1089 2632 sententia
1110 2575 1170 2632 hec

244 2662 307 2722 fuit.
349 2669 368 2699 “
379 2663 450 2722 Non
463 2681 528 2723 mea
541 2664 628 2741 oulpu
640 2683 715 2740 saepe
730 2665 765 2722 ud
780 2683 830 2722 ros
842 2673 955 2722 oratum
968 2664 1062 2736 mitto,
1072 2664 1169 2723 Putres

245 2755 412 2829 conscripti,
427 2755 478 2813 sed
491 2756 534 2813 vis
548 2755 698 2834 Jugurthae
718 2755 843 2832 subigit:
864 2773 950 2829 quem
970 2764 1052 2812 tanta
1070 2755 1169 2812 lubido

244 2843 446 2917 exstinguendi
472 2863 520 2902 me
546 2844 660 2918 inussit,
696 2855 728 2902 ut
759 2865 853 2920 neque
879 2863 940 2917 vos,
973 2863 1069 2920 neque
1102 2845 1169 2903 deos

245 2929 415 2989 immortalis
436 2932 468 2990 in
491 2933 587 2990 animo
612 2934 730 3005 habeut3
762 2937 932 3014 sanguinem
956 2954 1063 3008 meum,
1084 2952 1169 3012 quum

244 3020 352 3093 omniu,
377 3021 465 3080 molit.
505 3022 606 3098 Itaque
628 3025 759 3099 quintum
781 3027 841 3101 jum
864 3045 1003 3098 mensem,
1025 3026 1122 3084 socius
1141 3035 1169 3084 et

180 3144 191 3161 ·
245 3112 356 3174 amicus
378 3113 477 3188 populi
502 3113 640 3186 Romani,
666 3116 752 3178 armis
776 3117 911 3175 obsessus
934 3127 1055 3175 teneor:
1076 3132 1169 3191 neque

244 3203 316 3262 mihi
330 3203 462 3280 Micipse
475 3204 565 3281 putris
576 3205 635 3264 mei
655 3205 807 3278 beneficis,
827 3225 922 3284 neque
941 3217 1035 3264 vestra
1054 3205 1169 3264 decretu

245 3294 437 3354 auxilientur:
459 3295 544 3367 ferro,
559 3314 596 3354 un
610 3295 685 3354 fame
700 3297 794 3356 uerius
808 3315 941 3375 arginem,
957 3296 1086 3356 incertus
1097 3313 1167 3356 sum.

244 3381 333 3442 Pluru
359 3385 396 3442 de
422 3385 569 3462 Jugmthu
593 3387 720 3446 scribere
746 3387 914 3451 dehortatum
941 3387 1058 3446 fortune
1082 3403 1168 3445 meu:

244 3469 332 3528 etium
347 3483 431 3530 untes
443 3487 576 3550 expertus
590 3495 663 3548 sum,
677 3494 777 3553 parurn
792 3475 859 3534 fidei
873 3477 986 3534 miseris
1006 3494 1088 3536 esse:
1113 3473 1171 3534 nisi

245 3566 342 3616 tumen
368 3561 516 3642 intellego,
542 3565 624 3624 illum
650 3583 747 3643 supra,
771 3582 858 3640 quum
884 3583 940 3646 ego
963 3585 1038 3640 sum,
1061 3575 1171 3644 petere,
