2656 4276
237 350 280 420 R
522 370 687 414 sinuosum
709 369 869 418 ornatus.

236 513 428 588 nequicquam
442 523 604 589 opportuna
626 530 673 570 res
694 512 866 585 cecidisset3
887 529 953 588 spes
965 530 1087 590 magna,
1112 516 1164 576 do·

236 604 366 675 minatio,
381 603 412 661 in
425 604 560 661 manibus
570 604 677 665 frustra
690 602 829 661 fuissent:
850 619 944 678 neque
955 617 1010 683 ego
1020 623 1071 680 per
1083 606 1164 684 igna-

235 694 321 765 viam,
337 704 385 752 aut
395 713 468 751 vana
481 694 607 771 ingenia,
620 694 730 752 incerta
737 711 790 769 pro
801 693 888 751 certis
899 703 1054 769 captarem.
1090 697 1161 772 Sed,

234 786 302 862 quia
316 785 413 844 multis
426 796 455 843 et
475 785 588 862 magnis
611 785 831 860 tempestatibus
853 804 903 842 vos
927 787 1052 861 cognovi
1072 788 1162 848 fortes

235 875 364 952 fidosque
377 876 458 948 mibi,
473 893 509 933 eo
524 876 636 934 animus
651 893 736 933 ausus
749 887 794 934 est
807 893 971 933 maxumum
995 887 1079 952 atque
1099 879 1162 954 pul-

235 967 419 1028 cherrumum
443 967 556 1024 facinus
575 966 722 1040 incipere:
745 965 839 1037 simul,
860 966 927 1042 quia
946 969 1028 1026 vobis
1048 969 1160 1042 eaden,

234 1077 298 1134 qua
313 1058 394 1127 mihi,
410 1058 484 1113 bona
498 1057 628 1130 malaque
643 1053 788 1124 intellexi;
810 1075 878 1113 narn
892 1057 968 1113 idem
979 1057 1055 1116 aelle
1076 1069 1161 1135 atque

234 1146 312 1204 idem
326 1145 413 1215 nolle,
427 1162 462 1202 ea
475 1145 590 1201 demum
605 1145 686 1201 firma
704 1145 831 1203 amicitia
844 1156 895 1204 est.
937 1148 1006 1220 Sed,
1027 1166 1082 1224 ego
1096 1166 1160 1223 quat

234 1245 331 1295 mente
343 1234 456 1311 agitari,
465 1253 567 1291 omnes
577 1235 636 1311 jam
648 1227 733 1292 antea
743 1235 849 1292 divorsi
860 1237 988 1295 audistis.
1023 1239 1160 1296 Ceterum

234 1325 306 1384 mihi
321 1326 350 1383 in
365 1326 426 1382 dies
444 1325 536 1401 magis
555 1325 668 1382 animus
689 1326 866 1398 accenditur,
887 1347 974 1402 quum
997 1329 1160 1402 considero,

233 1433 298 1494 quae
307 1416 435 1475 conditio
449 1416 513 1472 vitae
529 1415 624 1472 sutura
634 1416 681 1488 eit,
695 1417 752 1473 nisi
766 1427 876 1476 nosmet
890 1418 967 1493 ipsos
982 1419 1161 1478 vindicamus

125 1558 130 1568 .
231 1505 266 1566 tn
287 1507 457 1566 libertatem.
499 1505 588 1578 Nam,
608 1516 760 1583 postquam
773 1508 937 1583 respublica
958 1509 987 1565 in
1001 1527 1160 1583 paucorum

232 1599 394 1674 potamon
425 1599 472 1672 jus
506 1607 590 1673 atque
617 1598 770 1655 ditionem·
783 1599 938 1669 concessit,
966 1617 1077 1677 sempqr
1103 1598 1161 1660 illis

233 1704 327 1762 reges,
342 1687 493 1743 tetrarolrae
507 1687 662 1762 vectigales
676 1705 754 1756 esse3
775 1689 882 1762 populi,
903 1690 1033 1747 nationes
1054 1690 1161 1764 stipen·
1234 1702 1242 1721 ¹

234 1776 281 1834 dia
295 1777 438 1852 pendere;
460 1775 551 1834 ceteri
565 1794 675 1848 omnes,
697 1777 817 1848 strenui,
842 1779 921 1849 boni,
942 1780 1054 1836 nobiles
1075 1789 1160 1854 atque

234 1867 386 1944 ignobiles,
400 1867 502 1944 volgus
516 1867 632 1938 fuimus,
648 1867 710 1926 sine
724 1869 826 1944 gratia,
842 1869 903 1926 sine
918 1870 1099 1942 auctoritate,
1114 1869 1159 1927 his

233 1959 361 2030 obnoxii,
376 1959 489 2033 quibus,
505 1957 529 2014 si
543 1958 707 2032 respublica
719 1957 836 2029 aderet,
859 1959 1005 2016 formidini
1022 1978 1157 2018 essemus.

232 2047 334 2122 Itaque
348 2047 442 2104 omnis
462 2047 563 2122 gratia,
584 2047 722 2122 potentia,
744 2048 847 2119 honos,
871 2048 978 2106 divitiae
1000 2051 1074 2125 apud
1095 2049 1160 2108 illos

233 2147 310 2208 eunt,
326 2147 374 2194 aut
388 2138 439 2194 ubi
452 2137 494 2195 illi
516 2137 631 2195 volunt:
652 2139 780 2214 repulsas
804 2139 888 2196 nobis
911 2139 1061 2214 reliquere,
1086 2141 1160 2216 peri·

234 2227 309 2309 cula,
321 2226 441 2302 judicia,
453 2237 616 2304 egestatem.
657 2226 734 2290 Quae
745 2246 893 2316 quousqqe
904 2227 1019 2282 tandem
1029 2229 1161 2302 patiemi-

233 2317 275 2389 ni,
291 2317 446 2374 fortissumi
460 2318 533 2375 viril
573 2317 682 2376 Nonne
697 2319 788 2378 ernori
808 2337 858 2394 per
878 2317 1013 2374 virtutem
1032 2328 1158 2392 praestat,
1186 2327 1189 2332 '

233 2427 318 2484 quam
332 2408 418 2465 vitam
433 2409 566 2467 miseram
581 2418 665 2485 atque
678 2410 869 2481 inhonestam,
883 2408 933 2466 ubi
949 2407 1048 2466 aliena
1062 2428 1160 2485 super·

233 2498 288 2556 biae
301 2499 427 2556 ludibrio
441 2499 538 2572 fueris,
552 2518 604 2576 per
617 2500 744 2558 dedecus
759 2502 909 2559 amitteret
950 2500 1060 2557 Verum
1080 2499 1159 2557 enirn

233 2608 310 2663 vero,
323 2609 376 2667 pro
391 2590 486 2650 Deum
502 2602 586 2668 atque
599 2591 748 2649 hominurn
763 2591 868 2648 fidem!
890 2590 1012 2648 victoria
1026 2591 1056 2647 in
1071 2607 1158 2648 manu

232 2683 317 2742 nobis
331 2693 391 2742 est:
413 2683 490 2760 viget
510 2694 588 2754 aetas,
612 2683 725 2740 animus
747 2682 837 2740 valet:
859 2691 960 2739 eontra
984 2682 1051 2753 illis,
1077 2681 1158 2738 annis

234 2783 319 2847 alque
352 2774 470 2844 divitiis,
505 2774 603 2829 omnia
630 2783 853 2829 consenuerunt.
908 2771 1037 2829 Tantum
1071 2772 1158 2830 modo

233 2861 350 2932 incepto
375 2877 447 2933 opus
473 2871 538 2916 est:
574 2868 671 2916 cetera
697 2877 743 2914 res
769 2858 909 2932 expediet.
957 2859 1075 2916 Etenim
1096 2861 1159 2937 quie

233 2947 397 3006 mortalium
412 2948 460 3004 oui
473 2947 556 3004 virile
570 2945 719 3020 ingenium
739 2945 824 3014 inest,
838 2944 961 3000 tolerare
974 2956 1079 3019 potest,
1102 2951 1159 3008 illis

233 3038 347 3102 divitias
361 3055 505 3112 superare,
520 3055 590 3111 quas
609 3033 784 3108 profundant
805 3034 836 3090 in
856 3035 1015 3092 extruendo
1036 3041 1109 3096 mari
1130 3051 1158 3098 et

232 3131 379 3190 montibus
403 3125 603 3201 coaequandis3
631 3123 715 3180 nobis
738 3139 798 3180 rem
823 3123 992 3183 familiarem
1013 3130 1101 3186 etiam
1123 3130 1158 3188 ad

232 3218 397 3280 necessaria
409 3217 529 3274 deeesel
549 3214 612 3272 illos
626 3211 718 3284 binas,
743 3224 792 3272 aut
814 3214 944 3298 amplius,
969 3217 1070 3277 domos
1090 3236 1158 3278 corr-

233 3309 366 3378 tinuare;
388 3306 472 3363 nobis
492 3304 581 3362 larem
606 3297 775 3363 familiarem
796 3325 938 3382 nusquam
961 3309 1051 3367 ullum
1072 3309 1156 3368 esset

232 3395 479 3468 Quumttabulas
503 3394 596 3472 signa,
618 3403 778 3455 toreumata
798 3408 913 3468 emunt;
941 3418 1015 3458 nova
1029 3399 1155 3470 diruunt,

234 3486 291 3546 alia
312 3484 464 3559 edificant,
485 3496 630 3563 postremo
652 3488 787 3545 omuibus
808 3488 901 3546 modis
924 3490 1078 3563 pecuniam
1101 3496 1158 3546 tra

234 3575 317 3651 hunt,
344 3586 464 3638 vexant:
494 3589 591 3640 tamen
617 3595 729 3640 summa
754 3578 1021 3675 lubidine'divitias
1042 3579 1157 3640 vincere
