2682 4268
235 343 278 410 94
516 357 679 404 amusan
699 355 879 400 euenerat.

236 502 387 578 comperit,
405 501 560 578 paullisper
582 510 701 558 moestus
725 518 742 558 e
763 507 920 574 conspectu
945 497 1024 570 abit3
1046 497 1165 575 deinde,

235 593 287 653 ubi
311 595 354 652 ira
376 603 406 650 et
427 592 567 668 tegrimdo
588 591 728 666 permixta
747 600 825 661 sunt,
843 607 911 647 cum
934 608 1072 648 maxum
1096 607 1167 650 cura

237 685 330 744 ultum
344 685 386 742 ire
400 683 519 761 injurias
533 682 657 740 festinat.
699 682 868 758 Legionem,
888 698 956 738 cnm
978 701 1035 756 qua
1057 682 1166 741 hierna·

238 776 297 848 bat,
311 785 350 848 et,
372 774 616 850 quamplurimos
639 782 741 847 potest,
761 771 905 828 Numidas
925 772 1035 846 equites
1055 773 1166 846 pariter

236 883 306 925 eum
319 885 429 924 occasu
442 865 511 922 solis
521 863 669 939 expeditos
679 863 795 920 educit:
816 871 846 918 et
857 873 973 937 postera
986 862 1033 919 die
1047 863 1166 921 circiter

239 957 340 1016 horam
366 957 480 1014 tertiam
506 955 636 1030 pervenit
663 954 694 1010 in
720 953 873 1028 quamdam
903 953 1072 1028 planiciem,
1094 955 1166 1012 locis

238 1049 337 1124 paullo
358 1046 555 1122 superioribus
579 1046 812 1102 circumventam.
866 1042 912 1100 Ibi
938 1044 1045 1100 milites
1076 1044 1165 1102 fessos

240 1138 352 1198 itineris
378 1136 587 1211 magnitudine,
610 1144 642 1192 et
664 1135 725 1211 jam
753 1134 905 1192 abnuentis
932 1135 1040 1206 omnia,
1069 1135 1164 1207 docet,

240 1228 408 1303 “oppidum
426 1227 556 1282 Vaccam
574 1243 633 1282 non
653 1225 774 1300 amplius
790 1225 868 1281 mille
885 1243 1022 1299 passuum
1046 1227 1164 1283 abesse:

240 1317 345 1375 decere
359 1316 423 1375 illos
437 1315 578 1391 reliquum
598 1316 727 1372 laborem
741 1333 823 1390 aequo
838 1315 934 1372 animo
947 1315 1017 1389 pati,
1032 1315 1102 1372 dum
1115 1331 1166 1392 pro

240 1408 353 1467 civibus
374 1408 444 1480 suis,
464 1407 534 1464 viris
557 1407 729 1465 fortissumis
751 1415 836 1481 atque
859 1406 1046 1477 miserrumis,
1069 1425 1166 1481 poenas

143 1527 145 1530 ·
240 1509 378 1576 caperent
387 1501 423 1569 ;·’'
457 1508 596 1573 praeterea
621 1498 746 1572 predam
774 1497 898 1572 benigne
932 1506 1066 1553 ostentat.
1117 1497 1166 1556 Sic

242 1590 346 1648 animis
357 1607 456 1646 eorum
469 1589 597 1658 arrectis,
607 1588 718 1662 equites
732 1587 763 1644 in
773 1587 866 1661 primo
880 1586 948 1658 late,
957 1586 1070 1662 pedites
1083 1603 1167 1662 quam

240 1681 393 1738 artissume
409 1680 451 1737 ire
464 1688 494 1736 et
507 1679 590 1755 signa
603 1678 749 1734 occultare
760 1677 850 1752 jubet

282 1769 393 1828 LXIX.
415 1771 581 1828 Vaccenses
591 1769 641 1825 ubi
651 1767 777 1825 animum
789 1768 946 1838 advortere,
963 1768 1041 1826 adse
1055 1786 1167 1826 vorsum

242 1861 401 1919 exercitum
423 1877 554 1936 pergere,
577 1859 681 1934 primo,
700 1859 741 1916 uti
762 1868 823 1916 erat
838 1858 923 1937 (res),
939 1858 1092 1918 Metellum
1107 1876 1168 1918 esse

242 1951 308 2023 rati,
322 1961 420 2026 portas
432 1951 581 2018 clausere;
602 1949 717 2020 deinde,
732 1949 782 2005 ubi
797 1967 891 2022 neque
906 1969 991 2026 agros
1011 1951 1126 2023 vastari,
1140 1961 1169 2008 et

244 2059 305 2113 eos,
319 2042 368 2117 qui
381 2041 466 2116 primi
488 2041 615 2111 aderant,
634 2039 778 2096 Numidas
799 2039 910 2113 equites
933 2040 1042 2111 vident,
1055 2056 1169 2098 rursum

244 2131 418 2206 Jugurtham
433 2130 571 2200 arbitrati,
586 2149 653 2186 cnm
667 2147 772 2205 magno
792 2130 899 2205 gaudio
912 2131 989 2186 obvii
999 2131 1167 2204 procedunt.

244 2219 365 2293 Equites
386 2219 564 2292 peditesque,
586 2230 704 2293 repente
726 2220 810 2295 signo
831 2220 907 2290 dato,
924 2219 972 2276 alii
995 2220 1113 2296 volgum
1132 2218 1171 2278 ef·

245 2307 340 2366 fusum
351 2309 457 2382 oppido
468 2308 595 2377 cedere3
618 2309 667 2365 alii
679 2310 714 2366 ad
725 2319 821 2383 portas
833 2310 984 2379 festinare;
1005 2329 1073 2384 pars
1085 2310 1171 2368 turris

242 2417 368 2474 capere:
391 2399 433 2455 ira
457 2408 542 2472 atque
564 2399 668 2473 praedae
692 2417 757 2474 spes
782 2401 912 2474 amplius,
927 2419 1013 2474 quarn
1033 2400 1172 2458 lassitudo

243 2507 339 2568 posse.
380 2489 426 2547 Ita
441 2489 604 2546 Vaccenses
623 2490 743 2546 biduum
766 2490 853 2546 modo
873 2509 908 2546 ex
926 2491 1047 2565 perfidia
1067 2493 1172 2550 laetati:

245 2581 349 2639 civitas
371 2600 477 2657 magna
496 2590 525 2638 et
546 2580 667 2655 opulens
688 2590 795 2642 cuncta
811 2600 913 2654 poenae,
931 2591 978 2638 aut
991 2583 1095 2656 prede
1111 2583 1171 2642 fuit

245 2671 398 2748 Turpilius
422 2691 518 2746 quem,
544 2672 711 2747 prefectum
737 2672 846 2745 oppidi,
867 2690 956 2728 unum
980 2691 1017 2728 ex
1039 2674 1173 2732 omnibus

246 2763 409 2838 profugisse
423 2781 509 2837 supra
532 2761 720 2832 ostendimus,
742 2762 838 2836 jussus
861 2781 877 2818 a
896 2761 1017 2819 Metello
1042 2779 1173 2821 caussam

246 2851 355 2920 dicere,
379 2862 531 2925 postquam
559 2870 623 2907 sese
648 2871 750 2925 parum
776 2862 925 2928 expurgat,
953 2855 1173 2926 condemnatus,

246 2940 480 3014 verberatusque,
495 2941 589 3015 capite
612 2959 711 3016 poenas
731 2943 832 3001 solvit:
854 2962 920 3000 nam
938 2943 963 3000 is
978 2944 1050 3002 civis
1070 2963 1107 3001 ex
1120 2944 1173 3003 La·

246 3029 373 3089 tioerat.

287 3121 384 3181 LXX.
415 3121 471 3178 Per
485 3122 561 3180 idem
575 3133 688 3196 tempus
709 3123 865 3196 Bomilcar,
881 3125 964 3201 cujus
977 3126 1103 3200 impulsu
1124 3125 1174 3182 Ju-

245 3213 353 3292 gurtha
375 3213 562 3284 deditionem,
577 3232 662 3286 quam
684 3225 762 3270 metu
783 3216 919 3287 deseruit,
940 3217 1101 3290 inceperat,
1116 3233 1174 3274 sus

246 3313 350 3380 peetus
363 3304 435 3379 regi,
450 3314 479 3360 et
494 3304 555 3379 ipse
569 3322 634 3360 eum
648 3305 818 3378 suspiciens,
833 3325 923 3362 novas
933 3325 979 3362 res
993 3325 1102 3381 cupere
1110 3327 1118 3376 3
1139 3305 1174 3363 ad

248 3394 407 3469 perniciem
431 3395 493 3469 ejus
516 3394 615 3450 dolum
636 3413 781 3468 qnaerere3
813 3396 863 3451 diu
887 3406 1033 3470 noctuque
1054 3396 1175 3473 fatigare

250 3483 395 3541 animum:
416 3484 539 3558 denique
549 3485 647 3542 omnia
660 3485 836 3557 temptando,
848 3486 961 3542 socium
974 3487 1030 3542 sibi
1046 3485 1177 3564 adjungit

248 3567 437 3646 Nabdalsam,
460 3575 608 3632 bominem
633 3573 771 3644 nobilem,
792 3575 905 3652 magnis
929 3577 1042 3655 opibus,
1065 3577 1177 3637 clarum
