2682 4268
485 351 650 396 sunnam
670 351 849 396 maneant.
1076 323 1149 394 loe‘

203 491 320 565 decere,
335 492 386 568 qui
396 511 499 551 manus
508 494 669 564 armaverit,
681 495 717 552 ab
730 492 849 551 inermis
860 491 984 568 pedibus
998 489 1137 552 auxilium

205 596 314 660 petere,
338 584 369 641 in
393 603 528 642 maxumo
551 595 631 642 metu
658 585 769 642 nudum
793 595 822 642 et
843 601 954 642 eeeum
975 600 1081 657 eorpus
1101 581 1138 640 ud

206 673 298 732 hostis
311 677 452 732 vortere”
494 675 610 737 Deinde
630 676 784 746 Volueem‚
805 674 942 750 quoniam
962 673 1079 732 hostilia
1099 671 1139 731 la·

206 775 296 837 seret,
324 765 427 823 Jovem
455 785 622 824 maxumum
648 767 818 838 obtestatus,
847 775 879 823 ut
906 765 1025 823 sceleris
1053 773 1139 838 atque

207 857 334 932 perfidiae
346 857 458 914 Boeehi
467 859 549 915 testis
564 859 687 930 adesset,
698 875 734 916 ex
745 857 848 915 eastris
859 857 938 915 abire
950 857 1041 932 jubet.
1082 854 1138 914 Ille

207 947 373 1006 lacrumans
387 968 480 1017 orere,
495 956 515 982 ‘¹
528 968 565 1007 ne
578 968 614 1007 ea
628 950 779 1008 erederet:
801 949 873 1006 nihil
887 947 955 1005 dolo
969 947 1088 1016 laetum,
1104 961 1140 1004 ae

208 1039 302 1115 magis
317 1039 474 1097 ealliditate
495 1040 660 1118 Jugurthae;
679 1041 728 1098 cui
748 1040 883 1098 videlieet
903 1035 1066 1114 speculanti
1085 1035 1140 1094 iter

207 1147 292 1186 suum
308 1129 457 1206 cognitum
472 1141 557 1188 esset.
599 1131 747 1202 Ceterum,
763 1130 901 1205 queniam
921 1146 1018 1203 neque
1037 1127 1140 1203 ingen·

209 1227 267 1276 tem
282 1221 495 1278 multitudinem
509 1223 637 1292 haberet,
651 1232 680 1279 et
693 1239 759 1297 spes
772 1239 899 1296 opesque
919 1220 982 1296 ejus
1002 1235 1039 1276 ex
1058 1227 1140 1293 patae

208 1327 263 1368 sue
276 1311 436 1385 penderent
447 1331 454 1379 ;
476 1311 596 1368 eredere
607 1312 687 1368 illum
702 1312 774 1368 nihil
784 1312 879 1386 palam
892 1328 1038 1376 ausurum,
1051 1325 1141 1383 quum

209 1399 271 1476 ipse
286 1400 364 1456 filius
377 1400 460 1458 testis
475 1401 606 1456 adesset:
628 1418 717 1473 quare
737 1411 887 1473 optumum
908 1400 1018 1457 laetum
1038 1398 1141 1470 videri,

208 1508 261 1567 per
274 1490 372 1568 media
382 1489 445 1565 ejus
459 1499 554 1546 eastra
564 1489 660 1564 palam
674 1489 815 1545 transire:
836 1507 910 1559 sese,
922 1489 966 1546 vel
977 1486 1142 1562 praemissis,

210 1581 255 1638 uel
283 1580 392 1638 ibidem
415 1579 524 1638 relictis
546 1579 669 1651 Mauris,
692 1579 786 1636 solum
808 1597 875 1636 eum
900 1578 982 1636 Sulla
1005 1578 1141 1636 iturum?⁸

210 1670 257 1730 Ea
269 1691 325 1743 res,
341 1682 372 1728 ut
392 1672 423 1728 in
444 1671 495 1727 tali
520 1670 651 1748 negotio,
673 1671 802 1748 probata,
826 1687 860 1726 ae
882 1667 978 1726 statim
999 1667 1142 1744 profecti:

209 1761 280 1837 quia
312 1763 348 1818 de
376 1761 530 1836 improviso
559 1760 736 1831 acciderant,
764 1760 853 1816 dubio
881 1769 966 1834 atque
992 1757 1144 1818 haesitante

129 1857 131 1863 '
208 1851 367 1928 Jugurtha,
389 1852 552 1909 incolumes
572 1861 731 1908 transeunt.
773 1849 889 1908 Deinde
908 1849 1009 1926 pausis
1030 1849 1143 1922 diebus,

209 1959 269 2019 quo
284 1942 326 2000 ire
340 1942 532 2014 intenderant,
547 1953 717 2017 perventum
731 1951 783 1998 est.

251 2032 363 2089 CVIII.
383 2033 429 2088 Ibi
443 2051 510 2089 eum
524 2033 645 2090 Boeeho
658 2032 789 2090 Numida
803 2032 929 2106 quidam,
941 2031 1038 2106 Aspar
1052 2029 1144 2090 nomi·

209 2139 260 2194 ne,
272 2121 394 2178 multum
405 2131 434 2178 et
443 2121 620 2179 semiliaiitet
632 2123 751 2200 agebat:
766 2123 930 2198 praemissus
942 2124 978 2181 ab
988 2121 1148 2199 Iugurtha,-

208 2221 362 2290 pestquam
386 2213 497 2270 Sullam
521 2214 648 2270 aeeitum
677 2213 815 2286 audierat,
842 2224 948 2286 orator,
969 2224 997 2273 et
1020 2213 1144 2272 subdole

210 2303 392 2380 speculatum
420 2303 532 2362 Boeehi
559 2305 698 2363 consilia:
727 2316 867 2380 praeterea
893 2306 1002 2377 Dabar,
1031 2305 1145 2362 Massu-

211 2394 308 2472 gradae
335 2395 420 2462 filius,
453 2414 490 2452 ex
523 2405 610 2471 gente
644 2395 817 2465 Masinissae,
850 2406 978 2453 ueterum
1012 2404 1145 2452 materno

211 2503 319 2562 genere
331 2485 442 2560 impar;
464 2504 533 2542 uem
553 2494 634 2558 pater
654 2484 716 2558 ejus
730 2503 766 2540 ex
786 2484 952 2540 concubina
971 2493 1051 2540 ortus
1065 2493 1143 2552 erat;

210 2573 318 2634 Mauro
331 2576 370 2632 ob
394 2575 504 2650 ingenii
525 2575 617 2630 multa
637 2573 714 2629 bona
736 2591 821 2630 uerus
841 2582 1044 2646 acceptusque,
1058 2589 1145 2646 quem

212 2663 360 2735 Bocchus,
375 2664 465 2720 fidum
486 2681 549 2720 esse
570 2663 714 2720 Romanis
728 2662 826 2719 multis
848 2672 913 2719 ente
927 2661 1146 2736 tempestatibus

212 2767 358 2832 expertus,
380 2755 461 2811 illico
489 2754 525 2811 ad
546 2753 657 2810 Sullam
677 2747 847 2810 nunciatum
869 2753 966 2825 mittit,
982 2758 1001 2786 “
1013 2763 1145 2829 paratum

211 2865 277 2906 sese
311 2847 417 2917 faeere,
442 2864 506 2919 quae
533 2845 657 2922 populus
685 2844 836 2906 Romanus
858 2845 961 2904 vellet:
996 2844 1145 2922 colloquio

212 2937 301 3010 diem,
316 2937 423 3007 locum,
434 2950 547 3012 tempus
560 2937 623 3012 ipse
637 2937 798 3014 delegaret:
820 2938 953 2997 consulta
966 2957 1030 2997 sese
1044 2937 1145 2998 emnia

212 3045 282 3088 eum
304 3029 354 3086 illo
378 3029 491 3105 integra
511 3029 636 3088 habere:
658 3049 715 3087 neu
739 3029 891 3107 Iugurthae
909 3031 1037 3107 legatum
1058 3027 1145 3103 perti·

213 3129 366 3190 meseetet,
389 3137 447 3195 quo
468 3139 515 3178 res
537 3121 701 3179 eommunis
724 3119 860 3178 licentius
880 3128 1046 3196 gereretur;
1076 3133 1145 3175 nam

181 3267 183 3270 ,
214 3209 252 3268 ab
266 3208 379 3268 insidiis
393 3210 454 3286 ejus
471 3209 553 3268 aliter
567 3229 670 3268 estere
690 3210 883 3283 nequivisse.'’
924 3209 984 3266 Sed
997 3225 1053 3285 ego
1067 3225 1145 3266 eom·
1246 3245 1248 3253 =

212 3299 319 3378 perior,
342 3300 494 3358 Boeehum
518 3300 610 3376 magis
634 3297 747 3356 Punica
768 3300 834 3371 fide,
851 3315 937 3374 quam
960 3299 998 3355 ob
1025 3315 1061 3355 ea
1079 3313 1145 3373 que

211 3391 401 3470 medieabat,
416 3391 502 3449 simul
516 3391 668 3449 Romanos
681 3398 710 3446 et
730 3387 890 3446 Numidam
909 3407 961 3464 spe
977 3388 1060 3466 paeis
1075 3388 1145 3448 adti-

211 3482 324 3557 fluisse,
350 3483 531 3558 mttltumque
558 3501 626 3542 eum
658 3479 755 3539 unium
786 3497 840 3560 suo
869 3479 983 3542 volvere
1016 3480 1143 3552 solitum,
