2656 4276
431 366 596 409 sinonem
618 367 779 412 cernuus.
1022 349 1065 415 41

139 502 182 564 Μ.
206 503 322 564 Petreio
347 507 444 584 legato
468 509 626 566 exercitum
656 509 803 584 permittit.
856 507 912 567 Ilie
939 508 1067 572 cohorti!

139 605 297 670 veteranas,
312 617 382 674 quas
403 600 517 657 tumulti
538 619 642 658 caussa
662 601 883 676 conscripserat,
902 601 933 658 in
954 601 1064 674 frontet

136 698 202 762 post
214 706 273 759 ees,
285 699 414 746 ceterum
425 691 583 748 exercitum
595 691 624 748 in
636 691 772 748 subsidiis
785 692 870 749 locet
912 690 978 768 Ipse
989 705 1066 768 equo

138 777 323 850 circumiens,
345 797 577 855 unumquemque
596 783 750 840 nominans
770 781 904 857 adpellat‚
924 782 1064 858 humatur,

136 877 233 942 rogat,
245 878 278 924 ut
292 869 481 940 meminerint,
496 891 527 928 se
541 882 642 930 contra
658 873 785 930 latrones
798 872 934 943 inermos,
953 889 1065 948 prope»

135 956 202 1028 tria,
215 975 271 1032 pro
280 958 389 1030 liberis,
397 973 450 1035 pro
464 962 520 1018 aris
534 973 619 1036 atque
630 963 705 1021 socie
717 961 788 1032 suis,
803 972 923 1019 certare.
965 961 1066 1022 Hono

60 1120 67 1126 .
134 1047 278 1120 militaris,
293 1052 370 1124 quod
391 1052 512 1126 amplius
532 1068 623 1110 annos
641 1053 760 1131 triginta
773 1052 916 1124 tribunus,
931 1063 981 1110 aut
993 1067 1066 1128 pre·

133 1135 238 1210 fectus,
262 1151 313 1198 ant
334 1142 456 1218 legatus,
482 1155 532 1200 aut
558 1154 662 1219 prator
689 1162 757 1201 cnm
781 1163 887 1220 magna
912 1134 1006 1221 gloria
1031 1141 1064 1206 il

58 1225 59 1228 ’
133 1231 261 1288 exercitu
289 1231 392 1304 fuerat,
416 1234 570 1308 plerosque
594 1235 672 1310 ipsos
694 1234 828 1308 factaque
852 1251 952 1292 eorum
976 1233 1064 1296 torti·

131 1332 267 1380 noverat:
293 1341 329 1380 ee
342 1323 598 1380 commemorando
611 1323 734 1380 rnilitum
750 1325 860 1380 animos
875 1323 1062 1383 aocendebat.

93 1460 95 1464 Α
166 1411 237 1470 LX.
267 1413 330 1468 Sed
342 1412 404 1480 ubi,
419 1412 555 1468 omnibus
568 1412 653 1467 rebus
672 1413 834 1484 exploratis,
847 1413 980 1470 Petreius
995 1413 1066 1472 tub!

128 1499 251 1577 mgnum
264 1501 325 1570 dat,
337 1500 465 1558 cohortis
477 1498 627 1574 peuilatim
640 1500 776 1557 incedere
786 1500 885 1576 jubet;
904 1501 982 1557 idem
997 1499 1066 1560 fucit

127 1591 262 1660 hostium
290 1589 445 1648 exercitus.
486 1588 642 1664 Postquam
667 1607 703 1648 eo
729 1600 846 1646 rentum
872 1599 926 1662 est,
950 1590 1067 1650 undet

25 1740 28 1747 ,
128 1681 296 1740 ferentariis
321 1681 453 1756 praelium
479 1681 621 1738 committi
643 1690 750 1757 possm,
777 1697 911 1740 maxumo
937 1671 1065 1741 clamore

128 1789 197 1830 cum
212 1771 326 1829 infestis
340 1771 431 1848 signis
442 1781 620 1828 concurrunt
628 1791 636 1841 ς
656 1772 715 1847 pile
728 1772 865 1828 omittunt
873 1791 880 1841 ;
901 1771 1005 1848 gladiis
1018 1785 1065 1831 ret

129 1863 248 1938 geritur.
299 1861 448 1932 Veterani,
467 1861 594 1936 pristine
620 1861 733 1920 virtutis
757 1879 908 1934 memores,
931 1861 1065 1920 cominus

130 1953 236 2011 acriter
259 1951 385 2009 instare:
416 1951 458 2008 illi
482 1952 559 2008 haud
580 1951 674 2008 timidi
702 1952 855 2010 resistunt:
881 1951 1064 2012 maxumari

129 2054 267 2100 certatur.
309 2041 426 2098 Interea
444 2041 571 2098 Catilina
592 2060 658 2098 cum
673 2043 813 2118 expeditis
834 2041 864 2100 in
885 2042 979 2119 prime
999 2041 1063 2102 acie

127 2131 248 2203 versari,
277 2130 477 2188 laborantibus
505 2150 684 2204 succurrere,
715 2133 843 2210 integros
871 2151 925 2209 pro
954 2133 1063 2194 sauciis

130 2239 286 2292 arcessere,
310 2220 408 2278 omnia
427 2221 586 2296 providere,
607 2222 728 2280 multum
749 2223 810 2299 ipse
829 2243 968 2302 pugnare,
985 2241 1061 2302 sepe

129 2312 240 2371 hostem
256 2312 361 2380 serire3
384 2313 492 2369 strenui
512 2313 621 2384 militis,
636 2328 666 2370 et
682 2314 749 2371 boni
771 2315 951 2389 imperatoris
965 2314 1062 2377 officie

22 2415 26 2418 '
129 2401 213 2460 simul
234 2403 454 2476 exsequebatur.
495 2402 636 2473 Petreius,
650 2403 701 2460 nbi
719 2403 796 2460 videt
810 2405 977 2475 Catilinam,
992 2423 1061 2461 con·

129 2499 173 2549 tra
187 2511 221 2550 ac
235 2503 317 2550 ratus
331 2502 402 2564 erat,
417 2511 521 2568 magna
536 2493 564 2550 vi
585 2493 714 2564 tendere,
729 2492 879 2549 cohortem
898 2493 1062 2568 praetorium

129 2581 160 2640 in
172 2584 285 2640 medios
300 2582 392 2639 hostis
412 2583 540 2652 inducit;
562 2601 670 2655 cosque
683 2581 864 2656 perturbatos
885 2591 970 2654 atque
991 2580 1062 2640 alios

130 2671 199 2729 alibi
221 2673 388 2730 resistentes
409 2672 561 2740 interficit;
585 2670 691 2728 deinde
712 2669 855 2743 utrimque
868 2687 904 2726 ex
923 2668 1062 2729 lateribus

129 2763 306 2840 adgreditur.
348 2762 476 2820 Manlius
497 2773 527 2819 et
543 2760 712 2818 Faesulanus
733 2759 876 2835 inprimis
898 2771 1062 2838 pugnantes

128 2853 243 2911 cadunt
286 2853 443 2926 Postquam
466 2853 544 2910 tirsus
558 2851 666 2927 copias,
681 2869 768 2928 seque
781 2869 848 2910 oum
862 2853 964 2928 paucis
978 2852 1061 2913 relic·

106 2950 188 3000 tum
207 2944 288 3002 videt
315 2943 452 3014 Catilina,
480 2960 588 3001 memor
609 2942 724 3019 generis
748 2953 832 3020 atque
848 2944 976 3021 pristine
999 2962 1059 3005 sure

127 3031 287 3110 dignitatis,
302 3034 334 3092 in
353 3033 588 3092 confertissumos
608 3034 705 3094 hostes
726 3033 857 3108 incurrit,
877 3035 975 3111 ibique
988 3051 1060 3110 pug-

127 3139 199 3180 nans
219 3123 396 3182 confoditur.

165 3209 249 3271 th.
278 3214 348 3286 Sed,
367 3214 503 3272 confecto
512 3214 622 3291 prelio,
635 3224 696 3273 tum
710 3232 779 3272 vero
792 3229 937 3282 cerneres,
951 3217 1061 3284 quante

126 3300 259 3374 audacie,
271 3314 433 3382 quantaque
446 3305 490 3362 vis
505 3304 593 3362 animi
607 3304 709 3361 suisset
728 3304 758 3362 in
769 3301 899 3362 exercitu
913 3299 1056 3367 Catilinu.

125 3389 203 3450 Nam
217 3392 289 3466 sere,
302 3413 389 3470 quem
403 3395 523 3470 quisque
542 3392 700 3470 pugnando
720 3393 818 3450 locum
838 3400 965 3465 ceperat,
979 3407 1057 3466 eum,

124 3483 230 3543 emissa
258 3485 366 3558 anima,
397 3503 518 3561 corpore
550 3483 676 3561 tegebat,
724 3481 815 3540 Pauci
852 3491 957 3552 antem,
984 3499 1059 3556 quos

123 3573 229 3636 mucra
251 3576 391 3655 praetoria
413 3575 576 3654 disjecerat,
596 3574 694 3651 paullo
713 3571 865 3646 divorsius,
883 3571 934 3632 sed
956 3589 1058 3632 omnes

323 3664 375 3724 ,μ
