2656 4276
215 278 259 350 78
498 301 661 346 rumam
681 300 863 346 munands.

216 441 392 518 luxuriaque
405 442 520 519 probra,
535 441 565 501 in
580 441 630 500 illo
646 441 776 502 exercitu
795 451 905 500 cuncta
925 440 1017 513 luere,
1038 451 1071 504 et
1091 441 1146 506 dia

217 533 346 609 amplius.

254 624 349 684 XLV.
377 623 437 682 Sed
461 624 491 682 in
519 641 555 682 ea
580 623 750 682 difficultate
777 621 929 682 Metellum
956 640 1017 680 non
1039 622 1145 697 minus,

216 733 301 791 quam
317 714 347 774 in
368 717 455 773 rebus
479 715 643 787 hostilibus,
665 733 802 792 magnum
822 724 852 770 et
873 713 1032 790 sapientem
1052 715 1146 772 virum

217 805 304 866 titisse
332 805 513 881 comperior;
545 814 625 862 tanta
648 804 837 880 temperantia
861 804 936 862 inter
958 804 1146 864 ambitionem

216 896 412 971 nariumque
426 895 613 954 moderatum.
655 895 790 969 Namque
804 894 901 951 edicto
920 894 1047 969 primum
1069 895 1147 970 adju·

172 983 180 1001 ⁴
216 997 314 1047 menta
328 986 449 1062 ignavie
463 986 622 1056 sustulisse,
637 991 656 1017 “
669 1003 706 1042 ne
715 985 865 1058 quisquam
874 984 904 1040 in
916 984 1019 1040 castris
1029 1003 1144 1059 panem,

218 1086 266 1136 sut
279 1095 364 1150 quem
380 1075 466 1134 alium
481 1085 598 1132 coctum
612 1075 710 1132 cibum
724 1075 879 1144 venderet;
900 1093 938 1131 ne
958 1075 1023 1132 lixas
1038 1075 1146 1134 exerci-

216 1175 277 1224 tum
291 1175 496 1239 sequerentur;
517 1184 555 1222 ne
569 1164 652 1221 miles
666 1165 816 1241 gregarius
837 1165 868 1221 in
887 1164 1000 1235 castris,
1021 1183 1095 1224 nere
1116 1165 1145 1224 in

217 1255 331 1332 agmine
358 1273 472 1312 servum
497 1264 546 1312 aut
568 1254 732 1330 jumentum
760 1255 927 1312 haberet:”
959 1255 1064 1312 ceteris
1086 1252 1145 1314 arte

215 1345 333 1402 modum
348 1345 500 1403 statuisse:
521 1355 660 1420 praeterea
673 1345 845 1402 transvorsis
865 1343 1016 1402 itineribus
1037 1344 1146 1406 cotidie

216 1443 311 1494 c'astra
324 1453 439 1494 movere
450 1455 458 1506 ;
476 1435 569 1511 juxta,
589 1454 623 1494 ac
643 1435 668 1493 si
688 1435 784 1494 hostes
806 1435 949 1506 adessent,
963 1433 1039 1492 rullo
1061 1445 1145 1510 atque

216 1525 294 1584 fossa
314 1528 438 1598 munire,
452 1527 566 1603 vigilias
589 1527 706 1584 crebras
729 1543 847 1601 ponere,
872 1535 901 1582 et
924 1544 974 1582 eas
994 1525 1058 1601 ipse
1079 1543 1145 1586 cum

215 1614 318 1692 legatis
331 1617 502 1675 circumire:
525 1617 593 1674 item
607 1617 637 1674 in
652 1617 767 1692 agmine
780 1616 810 1672 in
824 1615 925 1691 primis
938 1615 1036 1686 modo,
1058 1615 1145 1674 modo

216 1706 246 1764 in
259 1707 422 1781 postremis,
436 1726 512 1782 saepe
526 1707 556 1765 in
570 1707 667 1764 medio
689 1707 799 1777 adesse,
821 1725 858 1762 ne
879 1705 1022 1780 quispiam
1043 1705 1145 1766 ordine

215 1798 410 1874 egrederetur,
425 1797 549 1856 uticum
564 1798 654 1874 rsigni
676 1797 839 1871 frequentes
860 1795 1040 1866 incederent,
1063 1796 1146 1854 miles

216 1888 314 1948 cibum
327 1900 356 1948 et
371 1908 449 1947 arma
461 1898 596 1965 portaret.
638 1889 682 1946 lta
695 1887 876 1962 prohibendo
887 1905 904 1944 a
917 1886 1032 1945 delictis
1043 1886 1145 1965 magis,

216 1996 302 2053 quam
315 1979 500 2049 vindicando,
515 1967 675 2036 exercitum
689 1977 770 2036 brevi
784 1977 975 2035 confirmavit.

254 2068 364 2127 XLVI.
392 2069 508 2128 Interea
521 2069 676 2146 Jugurtha,
697 2069 758 2140 ubi,
780 2088 844 2143 qum
869 2067 1006 2126 Metellus
1031 2068 1144 2144 agebat,

215 2175 252 2218 ex
277 2159 393 2216 nunciis
419 2161 551 2233 accepit;
581 2160 666 2217 simul
693 2159 730 2218 de
758 2159 927 2218 innocentia
953 2159 1015 2234 ejus
1036 2159 1144 2217 certior

215 2244 319 2304 Roma
334 2247 437 2319 sactus,
451 2249 581 2307 diffidere
595 2250 655 2306 suis
668 2249 764 2321 rebus,
780 2269 814 2307 uc
827 2259 889 2308 tum
910 2248 1027 2306 demum
1047 2265 1144 2308 reram

215 2335 392 2396 deditionem
407 2337 502 2396 facere
516 2348 638 2396 conatur
652 2349 703 2396 est.
745 2338 837 2416 Igitur
858 2339 969 2416 legatos
983 2339 1019 2396 ad
1040 2357 1145 2396 consu·

215 2425 271 2486 lem
286 2445 354 2485 cnm
367 2428 517 2504 suppliciis
530 2429 627 2501 mittit,
642 2429 692 2504 qui
705 2430 905 2488 tantummodo
919 2429 975 2505 ipsi
988 2429 1144 2504 liberisque

215 2517 302 2576 vitam
325 2529 466 2595 peterent,
493 2520 549 2578 alia
576 2521 675 2578 omnia
700 2520 839 2578 dederent
865 2519 973 2596 populo
996 2518 1143 2578 Romano.

215 2610 275 2668 Sed
289 2609 408 2670 Metello
419 2611 478 2687 jam
493 2621 577 2670 antea
590 2611 793 2687 experimentis
807 2610 957 2687 cognitum
970 2619 1032 2667 erut
1052 2627 1144 2686 genus

215 2698 409 2762 Numidarum
436 2702 566 2775 infidum,
594 2701 714 2778 ingenio
740 2701 852 2772 mobili,
880 2717 1021 2758 novarum
1047 2717 1144 2760 rerum

217 2790 329 2850 avidum
357 2809 427 2848 esse.
483 2792 586 2866 ltaque
611 2792 725 2868 legatos
753 2792 841 2850 alium
866 2792 903 2850 ab
930 2791 987 2850 alio
1013 2790 1143 2857 divorsus

217 2877 399 2953 adgreditur3
422 2897 466 2949 ac,
480 2881 629 2954 paullatim
642 2881 819 2956 temptando,
832 2891 985 2956 postquam
1006 2891 1143 2956 opportu-

215 2985 269 3029 nos
282 2967 337 3026 sibi
349 2969 494 3044 cognorit,
506 2971 769 3046 multapollicendo
777 2971 940 3046 persuadet,
951 2977 970 3006 “
983 2971 1026 3028 uti
1037 2970 1056 3028 J
1058 2988 1143 3046 ugur-

215 3059 294 3120 tham
304 3077 436 3118 maxume
450 3059 556 3132 vivum,
570 3061 615 3119 sin
624 3061 654 3118 id
664 3079 765 3136 parum
775 3060 924 3137 procedat,
935 3070 1073 3120 necatum
1084 3059 1139 3118 sibi

215 3151 407 3212 traderent:”
439 3160 567 3211 ceterum
590 3151 695 3226 palam,
719 3169 783 3226 qum
807 3171 844 3210 ex
867 3151 1013 3210 voluntate
1038 3149 1142 3219 forent,

215 3241 275 3318 regi
290 3243 429 3302 nunciare
446 3242 537 3318 jubet.
579 3241 694 3300 Deinde
708 3243 770 3318 ipse
783 3242 885 3318 paucis
898 3239 1012 3312 diebus,
1027 3239 1142 3299 intento

216 3340 300 3405 atque
314 3334 419 3392 infesto
427 3333 565 3406 exercitu,
577 3333 606 3392 in
617 3333 786 3392 Numidiam
796 3331 946 3408 procedit:
967 3329 1029 3402 ubi,
1041 3340 1144 3392 contra

215 3417 283 3478 belli
297 3423 411 3498 faciem,
425 3425 542 3502 tuguria
554 3424 641 3501 plena
654 3423 814 3495 hominum,
834 3438 942 3497 pecora
955 3419 1143 3496 cultoresque
