2656 4276
492 363 656 406 srnnrrsru
676 363 855 407 sumnus.
1093 347 1131 411 91

205 515 293 568 notus
305 525 356 582 per
369 503 466 564 omnis
486 504 578 562 tribus
592 504 762 563 declaratur.
802 503 918 563 Deinde
932 505 968 563 ab
981 523 1017 564 eo
1029 507 1134 586 megis-

207 607 283 656 tratu
299 597 386 656 aliurn
399 605 464 672 post
479 596 566 654 aliurn
580 595 635 654 sibi
655 595 783 671 peperit;
805 615 974 672 semperque
995 597 1025 655 in
1038 608 1133 674 potes·

206 689 313 748 tatibus
335 705 371 746 ec
394 687 481 746 modo
509 686 646 763 agitabat,
668 696 700 744 ut
724 687 872 762 ampliore,
893 707 980 763 quarn
1002 691 1131 766 gerebat,

206 777 311 855 dignus
335 778 497 838 haberetur.
538 777 653 834 Tamen
676 777 710 849 is,
734 779 769 836 ed
791 779 821 836 id
843 778 974 836 locorum
992 781 1057 836 talis
1077 781 1130 852 vir,

209 866 291 944 (nam
310 878 408 943 postea
428 868 585 926 ambitione
598 887 727 944 praeceps
741 869 825 925 datus
838 871 906 947 est,)
921 869 1129 950 (consulatum)

209 958 341 1036 adpetere
352 977 409 1018 uon
421 960 552 1017 audebat.
576 959 672 1016 Etiam
684 968 746 1016 turn
761 960 833 1016 alios
846 960 1029 1036 magistratus
1040 961 1130 1034 plebs,

207 1050 386 1108 consulatum
396 1051 531 1108 nobilitas
545 1050 619 1107 inter
633 1069 664 1108 se
677 1069 729 1126 per
742 1069 845 1108 manus
855 1051 994 1108 tradebat.
1029 1051 1131 1109 Novus

206 1157 290 1198 nemo
303 1151 361 1200 tam
376 1141 480 1213 clarus,
495 1159 588 1216 neque
602 1150 660 1198 tam
679 1142 804 1219 egregiis
827 1142 911 1199 sactis
933 1151 1004 1215 erat,
1018 1142 1088 1217 quin
1105 1141 1130 1200 is

205 1229 340 1307 indignus
354 1232 404 1289 illo
419 1231 529 1288 honore
542 1242 572 1288 et
586 1233 666 1306 quasi
679 1233 806 1306 pollutus
820 1233 981 1290 haberetur.
1085 1289 1090 1298 ,

242 1320 353 1378 LXIV.
388 1321 492 1395 Igitur,
520 1321 571 1375 ubi
596 1321 708 1376 Marius
737 1322 898 1396 haruspicis
924 1323 1004 1378 dicta
1027 1322 1130 1380 eodem

203 1410 355 1468 intendere
369 1409 457 1478 videt,
472 1425 530 1480 quo
545 1408 650 1492 cupido
665 1409 754 1463 animi
768 1410 945 1480 hortabatur,
961 1411 996 1465 ab
1010 1411 1130 1468 Metello

200 1497 325 1575 petundi
348 1496 440 1572 gratia
463 1495 630 1552 missionem
650 1506 750 1571 rogat:
772 1497 821 1552 cui
839 1515 1011 1570 quamquem
1031 1498 1130 1570 virtus,

202 1587 307 1666 glorie,
323 1596 409 1661 atque
423 1585 479 1642 alia
492 1585 618 1660 optanda
630 1585 715 1642 bonis
729 1586 913 1660 superabant,
928 1595 1024 1643 tamen
1039 1587 1131 1645 inerst

203 1687 388 1753 contemptor
420 1676 533 1734 animus
563 1685 592 1732 et
622 1675 766 1750 superbia,
791 1693 946 1734 commune
972 1677 1131 1736 nobilitatis

203 1769 319 1828 malum.
362 1767 464 1842 Itaque
487 1766 612 1842 primum
640 1775 802 1823 commotus
828 1767 945 1824 insolita
971 1787 1012 1838 re,
1033 1768 1131 1826 mirari

204 1859 265 1936 ejus
279 1857 443 1929 eonsilium,
458 1867 486 1914 et
501 1857 583 1930 qussi
595 1875 647 1932 per
663 1856 820 1913 amicitiem
840 1875 966 1928 monere,
988 1863 1007 1890 ‘⁴
1019 1876 1056 1914 ne
1072 1868 1130 1915 tem

203 1967 291 2025 prava
314 1949 466 2024 inciperet,
488 1965 546 2004 neu
570 1965 656 2022 super
679 1947 822 2004 fortunam
847 1950 974 2005 animum
1000 1957 1129 2025 gereret:

202 2057 263 2098 non
278 2038 378 2095 omnia
396 2038 530 2093 omnibus
550 2037 697 2110 cupiunda
709 2056 789 2094 esse:
811 2038 916 2096 debere
935 2039 977 2096 illi
998 2059 1043 2097 res
1064 2059 1130 2098 suas

203 2127 276 2186 satis
294 2127 429 2202 placere:
450 2134 597 2200 postremo
617 2133 730 2184 caveret
751 2128 787 2184 id·
800 2139 897 2203 petere
919 2131 1054 2205 apopulo
1068 2130 1129 2188 Ro-

202 2235 300 2289 mano,
319 2217 395 2292 quod
417 2216 459 2274 illi
479 2216 545 2292 jure
564 2220 746 2293 negaretur.’'
787 2219 943 2294 Postquam
960 2221 1022 2279 haec
1044 2232 1129 2296 etque

204 2309 262 2369 alia
273 2309 343 2367 talia
359 2307 441 2378 dixit,
455 2325 549 2382 neque
572 2308 684 2364 animus
704 2307 792 2366 Marii
813 2309 948 2382 flectitur,
969 2311 1128 2386 respondit,

204 2399 283 2458 “ubi
303 2399 426 2474 primurn
450 2398 592 2472 potuisset
616 2417 668 2473 per
692 2399 810 2474 negotia
832 2401 960 2474 publica,
984 2402 1129 2458 facturum

203 2507 276 2562 sese,
296 2507 359 2564 quae
372 2489 510 2564 peteret.’'
553 2487 599 2543 Ac
612 2498 713 2561 postea
726 2489 831 2562 saepius
845 2490 947 2544 eadem
959 2489 1129 2561 postulanti,

194 2579 292 2638 'fertur
315 2577 431 2648 dixisse,
456 2584 476 2612 ‘⁴
485 2595 523 2634 ne
537 2576 685 2632 festinaret
706 2576 805 2632 ubire:
826 2577 896 2632 satis
917 2586 1028 2631 mature
1048 2577 1130 2631 illum

204 2687 270 2733 cum
290 2670 351 2728 filio
375 2687 429 2726 suo
450 2665 634 2723 consulatum
656 2664 842 2738 petiturum.’'
884 2664 913 2720 Is
938 2683 973 2719 eo
1000 2675 1129 2740 tempore

204 2759 395 2818 contubernio
408 2756 498 2833 putris
517 2754 625 2810 ibidem
645 2752 795 2824 militabat,
812 2771 901 2810 annos
915 2763 999 2812 natus
1014 2755 1129 2814 circiter

204 2851 314 2927 viginti.
354 2850 432 2911 Ques
453 2867 499 2905 res
514 2845 640 2902 Marium
661 2861 749 2919 quum
769 2862 822 2919 pro
839 2845 958 2918 honore,
974 2866 1058 2922 quem
1082 2847 1130 2904 ad-

204 2940 338 3011 fectabat,
359 2949 420 2997 tum
438 2948 543 2996 contra
563 2935 714 2992 Metellum
734 2935 918 2995 vehementer
946 2939 1127 2997 accenderat

203 3029 248 3089 lte
261 3031 399 3105 cupidine
420 3039 505 3103 atque
525 3028 577 3098 ira,
591 3026 733 3102 pessumis
747 3029 970 3099 consultoribus,
985 3027 1127 3102 grassari3

203 3139 297 3194 neque
312 3120 389 3176 facto
408 3120 478 3190 ullo,
493 3136 586 3193 neque
600 3118 679 3174 dicto
700 3117 853 3188 abstinere,
875 3117 952 3189 quod
971 3115 1058 3170 modo
1073 3131 1130 3169 em·

203 3210 339 3268 bitiosum
355 3209 444 3266 foret:
468 3209 585 3277 milites,
600 3207 703 3280 quibus
723 3205 753 3262 in
768 3206 896 3261 hibernis
915 3209 1047 3276 praeerat,
1061 3200 1131 3258 laxi-

203 3319 253 3358 ore
277 3297 407 3374 imperio,
435 3315 521 3373 quarn
546 3305 639 3363 antea,
664 3295 790 3349 habere:
823 3293 897 3366 apud
925 3288 1129 3364 negotiatores,

183 3377 185 3381 Α
202 3409 324 3467 quorum
338 3408 444 3465 magna
456 3383 612 3443 multitudo
628 3382 723 3439 Uticae
737 3389 808 3451 eret,
823 3380 978 3437 criminose
992 3375 1086 3451 simul,
1101 3391 1130 3440 et

201 3481 358 3558 magnifice
372 3480 408 3535 de
421 3477 498 3534 bello
511 3473 607 3550 loqui:
629 3478 649 3506 “
661 3469 781 3528 dimidia
793 3487 860 3544 pars
872 3467 1015 3526 exercitus
1029 3468 1053 3525 si
1074 3470 1130 3530 sibi

201 3570 427 3647 permitteretur,
441 3566 543 3641 paucis
561 3563 665 3622 diebus
685 3559 858 3638 Jugurthem
879 3559 909 3619 iu
926 3559 1038 3619 catenis
1051 3559 1131 3615 babi-
