2656 4276
247 373 290 442 'tt
526 391 692 436 amusan
712 389 890 436 mousrsa.

247 551 420 612 quamquam
447 533 546 613 gravia
572 543 602 592 et
628 533 731 612 flagitii
757 534 954 611 plauserant,
978 543 1088 608 tamen,
1109 534 1176 612 quia

245 626 347 685 mortis
366 637 446 684 metu
465 626 660 700 mutabantur,
681 625 767 684 sicuti
787 625 850 704 regi
869 626 1012 700 lubuerat,
1033 645 1090 703 pax
1109 645 1177 687 oon·

245 717 332 775 teuit.

284 805 433 867 XXXIX.
463 806 533 880 Sed,
553 806 605 864 ubi
624 824 660 865 ea
679 805 784 866 Rome
810 816 959 884 comperta
980 817 1057 878 sunt,
1080 819 1176 868 metus

246 907 332 974 atque
345 917 448 958 moeror
468 898 615 956 civitatem
635 897 784 957 invasere:
805 916 871 973 pars
893 898 989 955 dolere
1009 916 1062 973 pro
1082 899 1175 976 gloria

245 987 376 1067 imperii:
398 1007 463 1067 pars
484 989 600 1048 insolita
613 1007 709 1047 rerum
724 989 891 1047 bellicarum
911 989 1014 1047 timere
1026 989 1171 1048 libertati:

244 1081 323 1138 Aulo
334 1099 435 1140 omnes
449 1081 556 1151 infesti,
573 1098 607 1137 ac
630 1097 765 1137 maxume
785 1080 836 1155 qui
856 1079 933 1137 bello
951 1098 1027 1154 saepe
1040 1081 1172 1155 praeclari

243 1171 367 1242 lucrant,
394 1170 472 1245 quod
504 1179 629 1227 armatus
659 1169 804 1227 dedecore
836 1170 942 1246 potius,
970 1188 1058 1244 quam
1086 1189 1173 1229 manu

242 1260 365 1318 salutem
386 1260 564 1336 quaesiverat.
612 1257 661 1317 Ob
681 1277 717 1317 ea
738 1259 840 1318 consul
861 1259 988 1317 Albinus
1008 1279 1044 1318 ex
1064 1261 1172 1320 delicto

242 1349 338 1409 fratris
358 1351 506 1424 invidiam,
529 1369 563 1408 ac
584 1350 689 1408 deinde
709 1351 872 1427 periculum
897 1350 1012 1422 timens,
1039 1361 1174 1410 senatum

241 1441 278 1500 de
293 1442 401 1502 soedere
415 1441 602 1500 consulebat:
623 1451 652 1500 et
666 1451 763 1499 tamen
777 1441 892 1499 interim
906 1441 1045 1499 exercitui
1060 1443 1172 1518 supple·

241 1544 371 1592 mentum
396 1534 541 1592 scribere:
572 1533 607 1590 ab
629 1533 718 1590 sociis
738 1542 767 1589 et
790 1533 908 1590 nomine
935 1531 1043 1589 Latino
1066 1531 1170 1590 auxilia

242 1641 403 1682 arcessere:
438 1624 563 1698 denique
586 1623 721 1681 omnibus
741 1623 836 1680 modis
859 1622 1003 1680 festinare.
1045 1624 1170 1682 Senatus

240 1713 290 1785 ita,
312 1713 354 1771 uti
380 1731 432 1790 par
459 1714 562 1784 suerat,
584 1713 726 1784 decernit,
748 1731 802 1770 suo
827 1723 912 1788 atque
935 1713 1034 1789 populi
1059 1713 1169 1789 injussu

239 1804 352 1863 nullum
365 1804 493 1881 potuisse
507 1803 599 1861 foedus
612 1803 682 1862 fieri.
723 1803 833 1860 Consul
848 1804 1002 1879 impeditus
1016 1822 1033 1861 a
1046 1805 1169 1862 tribunis

238 1895 342 1972 plebis,
363 1913 411 1968 ns,
426 1913 497 1970 quas
510 1904 660 1970 paraverat
674 1894 783 1969 copias,
795 1912 894 1952 secum
916 1903 1052 1970 portaret,
1067 1893 1169 1970 paucis

240 1985 342 2044 diebus
363 1986 393 2043 in
414 1985 546 2043 Africam
569 1985 778 2060 proficiscitur:
803 2003 871 2041 narn
892 1985 987 2042 omnis
1013 1985 1168 2056 exercitus,

240 2076 283 2132 uti
294 2085 478 2147 convenerat,
489 2075 631 2134 Numidia
641 2075 792 2146 deductus,
804 2075 834 2131 in
848 2074 999 2150 provincia
1011 2075 1165 2134 hiemabat

238 2161 395 2239 Postquam
417 2183 453 2223 eo
473 2167 568 2236 renit3
593 2184 766 2240 quamquam
789 2165 922 2241 persequi
944 2165 1119 2242 Jugurtham
1138 2177 1167 2226 et

238 2253 348 2312 mederi
368 2253 500 2312 fraterne
529 2255 644 2314 invidie
667 2257 763 2314 animo
784 2257 917 2326 ardebat;
947 2257 1073 2332 cognitis
1095 2257 1166 2314 mili-

238 2343 326 2416 tibus,
341 2361 414 2419 quos
426 2354 529 2420 preter
550 2345 658 2422 fugam,
679 2346 774 2404 soluto
794 2347 925 2423 imperio,
942 2346 1061 2404 licentia
1082 2358 1166 2423 atque

237 2433 356 2493 lascivia
383 2446 560 2514 corruperat,
588 2454 624 2494 ex
650 2437 735 2513 copia
761 2455 858 2496 rerum
884 2438 993 2509 statuit,
1010 2438 1066 2496 sibi
1093 2437 1164 2497 nibil

239 2526 415 2604 agitandum.

276 2617 342 2678 XL.
370 2618 491 2678 Interim
511 2617 616 2678 Rome
630 2619 665 2678 Ο.
680 2619 829 2678 Mamilius
840 2619 1018 2691 Limetanus,
1032 2620 1164 2678 tribunus

236 2709 340 2788 plebis,
354 2712 533 2788 rogationem
548 2711 584 2768 ad
596 2712 734 2787 populum
748 2711 921 2786 promulgat,
940 2710 1011 2766 “uti
1026 2727 1164 2784 quaerere·

236 2807 283 2856 tur
298 2801 399 2870 ineos,
411 2811 533 2874 quorum
544 2801 667 2858 consilio
678 2801 822 2878 iugurtha
835 2801 926 2858 senati
937 2801 1054 2858 decreta
1069 2801 1164 2878 negle-

237 2885 343 2964 gisset3
364 2887 471 2962 quique
482 2891 518 2945 ab
529 2907 564 2946 eo
575 2889 605 2946 in
616 2890 818 2966 legationibus,
829 2899 878 2948 aut
888 2890 1015 2965 imperiis
1025 2891 1164 2966 pecunias

237 2977 434 3053 accepissent3
462 2979 511 3052 qui
538 2978 716 3053 elephantos,
740 2981 847 3055 quique
875 2982 1010 3057 perfugas
1034 2981 1163 3039 tradidis-

236 3071 316 3139 sent3
340 3068 408 3126 item
422 3068 472 3144 qui
486 3069 523 3126 de
535 3083 617 3144 pace,
630 3079 678 3126 aut
692 3070 857 3141 bello,cu1u
871 3071 1001 3129 hostibus
1014 3072 1162 3147 pactiones

206 3151 209 3154 ¹
236 3159 400 3218 iecissent.’'
442 3158 523 3216 Huic
546 3160 700 3237 rogationi,
720 3163 824 3236 partim
845 3161 957 3218 conscii
976 3163 1042 3232 sibi,
1058 3161 1108 3219 alii
1127 3179 1162 3218 ex

234 3251 360 3326 partium
371 3249 479 3309 invidia
492 3249 622 3327 pericula
636 3261 807 3324 metuentes,
819 3253 955 3327 quoniam
970 3261 1068 3327 aperte
1081 3251 1162 3310 resis-

235 3349 296 3398 tere
322 3355 382 3400 non
409 3349 551 3418 poterant,
573 3342 642 3416 quin
670 3342 719 3400 illa
742 3354 770 3400 et
795 3343 852 3400 alia
876 3342 946 3400 talia
971 3342 1088 3418 placere
1107 3341 1161 3399 sibi

236 3427 403 3502 faterentur,
418 3431 533 3490 occulte
553 3447 605 3508 per
619 3433 737 3504 amicos,
754 3449 787 3490 ao
807 3451 940 3489 maxume
959 3451 1011 3508 per
1031 3432 1162 3490 homines

235 3518 362 3574 nominis
376 3520 473 3579 Latini
487 3531 516 3579 et
536 3523 632 3579 socios
651 3522 770 3579 Itulicos
790 3523 995 3596 impedimenta
1014 3523 1160 3598 parebant.

234 3603 296 3666 sed
308 3606 418 3682 plebes,
429 3611 601 3669 incredibile
611 3621 769 3669 memoratu
780 3621 833 3685 est,
844 3631 930 3685 quam
942 3613 1053 3672 intente
1066 3613 1161 3684 fuerit,
