2682 4268
255 357 316 425 118
530 373 692 416 amusan
713 370 893 414 audomar.

251 520 334 579 Cirta
357 517 484 592 undique
507 515 592 573 simul
616 513 811 590 speculatores
834 511 886 570 citi
912 529 977 570 reae
1004 513 1180 575 ostenduntr

251 629 309 688 qua
322 629 354 668 re
368 610 459 666 hostia
474 607 574 665 adesse
589 605 772 682 intellegitur.
814 603 874 661 Sed
888 603 956 678 quia
971 603 1080 662 divorsi
1101 607 1181 666 rade·

252 713 345 772 untes,
369 701 442 757 alius
460 699 496 756 ab
518 697 574 754 alia
591 705 682 772 parte,
707 705 792 769 atquc
812 711 914 751 omues
934 693 1012 752 idem
1035 695 1181 772 significa·

252 792 340 861 bant3
362 790 473 848 Consul
489 789 626 859 incertus,
649 803 773 861 quonam
794 783 882 842 modo
900 784 994 842 aciem
1015 786 1179 862 instrueret,

252 883 333 942 uallo
347 883 448 939 ordine
460 889 647 949 commutato,
657 877 807 935 advorsum
818 874 918 932 omnia
929 886 1056 950 paratus,
1071 878 1178 936 ibidem

252 974 407 1050 opperitur.
449 971 495 1029 ltu
517 969 689 1046 Jugurtham
710 985 776 1042 sper
800 965 944 1037 frustratu,
962 967 1012 1040 qui
1029 969 1129 1043 copias
1149 969 1178 1028 in

253 1076 376 1140 quatuor
386 1073 480 1138 partes
490 1062 683 1130 distribuerat,
692 1068 772 1116 ratus
780 1076 817 1115 ex
826 1057 962 1114 omnibus
975 1076 1057 1132 arque
1068 1059 1179 1134 aliquos

253 1155 290 1210 ab
300 1165 382 1230 tergo
397 1153 526 1208 hostibus
537 1161 680 1207 venturos.
721 1147 841 1206 Interim
852 1148 943 1219 Sulla,
955 1167 1040 1222 quem
1054 1151 1178 1224 primunr

252 1243 349 1301 hostes
377 1243 546 1319 adtigeram,
574 1241 741 1298 eohortatua
771 1257 849 1310 suos,
877 1240 1023 1296 turmatim
1045 1251 1074 1298 et
1094 1259 1178 1316 quam

252 1352 386 1392 maxume
400 1333 538 1390 confertis
558 1332 650 1406 equis,
673 1331 734 1406 ipse
755 1331 861 1406 aliique
883 1329 1003 1387 Mauros
1022 1331 1176 1390 invadunt:

252 1426 342 1484 'ceteri
357 1425 387 1482 iu
398 1424 464 1481 loco
478 1433 627 1480 manentes
638 1424 674 1480 ab
685 1421 790 1498 jaculis
804 1422 918 1478 eminus
931 1421 1044 1478 emissis
1058 1440 1178 1497 corpora

252 1525 361 1592 tegere,
377 1527 415 1586 et,
430 1515 454 1572 si
474 1515 567 1590 quiin
589 1533 691 1570 manus
711 1527 858 1583 venerant,
875 1513 1059 1570 obtruncare
1101 1513 1177 1571 Dum

252 1623 290 1665 eo
312 1607 397 1663 modo
421 1606 532 1680 equites
565 1604 741 1681 praeliantur,
769 1603 906 1660 Bocchus
932 1621 999 1660 cum
1022 1603 1176 1678 peditibus,

252 1715 326 1772 quos
334 1697 440 1768 Volux,
452 1697 527 1753 filius
541 1697 612 1772 ejus,
625 1696 790 1765 adduxerat,
798 1693 907 1770 (usque
918 1695 948 1750 iu
962 1695 1058 1769 priore
1071 1713 1177 1772 pugna,

253 1785 285 1846 in
310 1789 413 1845 itinere
440 1789 553 1859 morati,
579 1787 752 1864 adsuerant)
777 1795 950 1860 postremam
977 1785 1177 1844 Romanorum

254 1879 347 1937 aciem
375 1880 521 1937 invadunt.
572 1879 651 1935 Tum
676 1877 788 1934 Marius
816 1877 892 1952 apud
921 1877 1029 1952 primos
1057 1879 1176 1953 agebat;

253 1972 332 2045 quod
357 1971 397 2027 ibi
421 1971 566 2046 Jugurtha
586 1987 653 2026 cum
674 1968 805 2042 plurimis
828 1978 897 2025 erut.
940 1968 1017 2025 Deiu
1037 1967 1178 2042 Numida,

253 2062 373 2136 cognito
397 2061 508 2118 Bocchi
533 2060 666 2129 aduentu,
690 2059 764 2115 clam
789 2077 856 2114 cum
879 2059 982 2133 paucis
1010 2059 1046 2116 ad
1067 2059 1178 2134 pedites

253 2153 416 2208 convortit:
440 2151 479 2207 ibi
500 2151 604 2207 Latine
616 2149 696 2226 (nam
717 2150 792 2224 apud
806 2149 995 2206 Numantiam
1010 2151 1089 2224 loqui
1109 2149 1178 2208 didi·

254 2241 347 2316 cerat)
363 2240 523 2295 exclamat:
546 2246 565 2271 ‘⁴
575 2250 689 2296 nostros
703 2239 807 2296 frustra
826 2258 974 2316 pugnare;
996 2241 1094 2314 paullo
1115 2251 1178 2300 aute

254 2328 381 2390 Marium
405 2347 458 2384 sua
481 2345 568 2384 mauu
593 2329 824 2386 interfectum:”
857 2331 941 2387 simul
966 2331 1093 2407 gladium
1117 2349 1179 2392 san·

254 2419 343 2500 guiue
363 2419 485 2476 oblitum
505 2420 667 2493 ostendere,
683 2439 768 2494 quem
792 2421 948 2498 inpugna,
968 2419 1038 2480 satis
1059 2423 1179 2500 impigre

253 2513 355 2571 occiso
375 2512 472 2588 pedite
504 2521 613 2583 nostro,
638 2523 845 2571 cruentaverat.
885 2514 977 2576 Quod
1001 2513 1050 2570 ubi
1075 2515 1179 2574 militas

255 2621 404 2680 accepere,
425 2604 516 2682 magis
537 2603 687 2661 atrocitate
707 2605 758 2676 rel,
770 2623 856 2679 quam
878 2605 935 2662 lide
953 2606 1054 2662 nuncii
1073 2616 1179 2664 terren·

253 2704 317 2752 tur:
349 2695 491 2769 simulque
515 2695 628 2751 barbari
653 2695 764 2752 animos
794 2695 904 2766 tollere,
926 2705 955 2753 et
978 2696 1008 2753 in
1031 2697 1179 2771 perculsos

253 2783 406 2842 Romanos
427 2787 522 2842 acrius
549 2786 693 2843 incedere.
748 2785 871 2860 Jamque
897 2787 1024 2862 paullum
1054 2789 1089 2844 ab
1113 2788 1180 2864 firga
1219 2780 1234 2799 ¹*

255 2873 383 2943 aberant,
396 2892 483 2947 quum
498 2875 589 2945 Sulla,
603 2875 762 2952 profligatis
777 2877 822 2948 iis,
837 2895 909 2951 quos
931 2878 1082 2934 advorsum
1099 2878 1178 2949 ierat,

254 2963 369 3021 rediens
384 2965 419 3020 ab
433 2964 521 3021 latere
543 2964 655 3022 Mauris
670 2967 799 3026 incurrit.
841 2967 976 3025 Bocchus
990 2970 1086 3026 statim
1103 2987 1180 3026 auor·

254 3054 330 3114 titur.
374 3055 414 3113 At
434 3055 588 3132 Jugurtha,
603 3056 671 3112 dum
692 3068 852 3116 sustentare
872 3077 950 3130 suos,
971 3069 1000 3116 et
1013 3079 1103 3134 prope
1121 3061 1179 3136 jam

255 3147 386 3222 adeptam
401 3147 550 3204 victoriam
571 3147 696 3204 retinere
717 3150 806 3224 cupit,
822 3151 1036 3208 circumventus
1053 3152 1089 3207 ab
1102 3150 1180 3225 equi·

253 3237 341 3310 tibus,
360 3239 470 3308 dextra,
491 3238 616 3309 sinistra,
638 3239 772 3297 omnibus
792 3241 909 3312 occisis,
928 3241 1007 3297 solus
1028 3241 1104 3298 inter
1123 3239 1180 3316 tela

254 3327 379 3386 hostium
404 3329 577 3386 vitabundus
600 3331 731 3406 erumpit.
784 3331 882 3406 Atque
912 3332 1028 3388 interim
1057 3331 1179 3404 Marius,

255 3417 360 3494 fugatis
384 3421 538 3494 equitibus,
562 3421 687 3478 accurrit
715 3422 821 3478 auxilio
845 3423 915 3493 suis,
938 3439 1010 3496 quos
1033 3421 1103 3498 pelli
1121 3423 1180 3499 jam

256 3519 414 3580 acceperat.
466 3511 599 3583 Denique
626 3511 722 3568 hostes
747 3511 805 3587 jam
829 3513 956 3587 undique
983 3511 1049 3570 fusi.
1101 3512 1180 3570 Tum

254 3597 451 3675 spectaculum
474 3601 610 3660 horribile
634 3602 664 3658 in
691 3602 801 3680 campis
821 3603 1002 3679 patentibus:
1025 3603 1117 3680 sequi,
1139 3602 1180 3660 fu-
