2682 4268
227 352 288 416 124
506 366 672 410 ernnusmr
693 363 871 408 sommus

223 511 398 592 Iugurtham
417 509 572 581 Romanis
587 526 624 566 an
638 507 681 566 illi
700 507 810 564 Sullam
824 505 970 564 traderet:
990 505 1155 568 lubidinem

223 603 376 664 advorsum
388 619 452 674 nos,
466 611 576 659 metum
589 617 643 676 pro
655 598 740 656 nobis
753 597 887 661 suasisse.

262 694 344 753 CIX.
365 693 458 772 Igitur
472 691 570 763 Sulla;
586 697 605 726 “
614 708 710 766 pauca
723 705 821 748 coram
842 688 955 763 Aspare
968 687 1153 762 locuturum

222 795 321 846 cetera
343 783 471 856 occulte,
496 792 547 841 aut
569 780 661 849 nullo,
684 789 734 838 aut
759 797 845 854 quam
871 779 1066 855 paucissumis
1084 799 1155 855 prae·

223 877 401 936 sentibus:”
438 875 524 932 simul
551 873 664 943 edocet,
687 890 750 945 quse
781 871 1031 945 responderentur.
1073 871 1154 930 Post·

222 985 319 1044 quam,
343 965 430 1025 sicuti
458 964 597 1036 voluerat,
630 961 788 1038 congressi,
812 960 893 1032 dicit,
908 966 969 1018 “se
995 962 1154 1021 missurna

223 1059 344 1118 consule
357 1058 470 1116 venisse
490 1055 641 1131 quesitum
664 1055 700 1110 ab
723 1071 769 1124 eo,
784 1069 897 1127 pacem,
912 1070 949 1108 an
972 1052 1081 1110 bellum
1096 1053 1152 1130 sgi-

221 1159 334 1207 taturus
357 1148 458 1205 foret'’
499 1145 579 1202 Turn
603 1161 663 1215 rex,
685 1144 728 1200 nti
755 1153 931 1218 pracceptum
954 1143 1067 1213 lirerat;
1088 1153 1152 1218 post

221 1239 299 1297 diem
325 1237 473 1296 decimum
494 1236 590 1294 redire
608 1235 710 1311 jubet;
733 1253 777 1306 ac,
799 1233 872 1291 nihil
891 1235 979 1292 etiam
1000 1253 1081 1291 nunc
1104 1236 1151 1292 de·

221 1329 356 1400 crevisse,
378 1329 429 1386 sed
448 1327 498 1385 illo
520 1326 569 1383 die
596 1343 819 1401 responsurum:
847 1323 916 1382 dein
943 1325 1030 1382 ambo
1050 1325 1081 1382 in
1101 1341 1152 1383 sua

221 1430 317 1478 castra
338 1419 468 1497 digressi.
520 1417 589 1489 Sed,
611 1417 661 1474 ubi
690 1416 860 1492 plerumque
887 1415 982 1473 noctis
1001 1415 1151 1490 processit,

222 1512 306 1570 Sulla
326 1531 343 1568 a
363 1510 482 1569 Boccho
502 1508 618 1566 occulte
640 1507 810 1564 arcessitur:
832 1505 869 1562 ab
886 1515 1009 1579 utroque
1030 1515 1152 1563 tantum·

222 1602 309 1659 modo
322 1601 373 1658 lidi
393 1602 563 1674 interpretes
583 1597 775 1655 adhibentur:
796 1605 935 1676 praeterea
954 1596 1053 1653 Dabar
1068 1597 1151 1654 inter·

221 1692 357 1762 nuncius,
369 1700 486 1748 sanctus
499 1691 542 1747 vir
556 1698 585 1746 et
598 1707 634 1746 ex
647 1686 791 1744 sententia
804 1685 951 1744 ambobus.
994 1687 1042 1744 Ac
1055 1687 1151 1744 statim

221 1781 266 1840 sic
279 1800 330 1840 rex
343 1783 454 1859 incipit.

261 1873 328 1932 CX.
351 1874 547 1948 “Numquam
561 1891 617 1949 ego
630 1882 709 1930 ratus
722 1889 786 1929 sum
798 1871 867 1942 sore,
879 1870 922 1928 uti
936 1889 986 1928 rex
1000 1879 1151 1944 maxumus

222 1963 252 2020 in
273 1963 328 2021 hac
341 1974 428 2035 terra,
443 1974 472 2020 et
494 1963 633 2033 omnium,
647 1981 719 2036 quos
732 1962 810 2032 novi,
825 1962 936 2036 privato
959 1961 1068 2019 homini
1088 1981 1152 2038 gra·

221 2053 291 2111 tiam
306 2055 449 2112 deberem.
491 2053 530 2110 Et
553 2053 729 2124 mehercule,
745 2053 836 2123 Sulla,
852 2051 1149 2128 QJQOQJQ

221 2144 319 2200 multis
342 2145 502 2215 orantibus,
525 2144 588 2201 aliis
609 2144 692 2201 ultro'
708 2152 824 2220 egomet
844 2160 930 2217 opem
956 2143 1021 2214 tuli,
1042 2142 1150 2200 nullius

221 2233 345 2310 indigus.
388 2231 423 2288 Id
444 2234 636 2304 imminutum,
650 2234 728 2307 quod
749 2233 839 2290 ceteri
862 2233 959 2290 dolere
978 2232 1081 2304 solent,
1095 2249 1149 2309 ego

216 2308 325 2392 interf
339 2321 425 2400 fuerit
445 2322 516 2378 mihi
537 2322 652 2398 eguisse
674 2322 828 2398 aliquando
848 2313 983 2381 amicitie
1004 2329 1072 2394 tuae',
1093 2341 1150 2397 qua

220 2413 296 2489 apud
312 2412 440 2470 animum
463 2430 558 2470 mcum
579 2412 651 2470 nihil
666 2414 763 2471 carius
779 2415 881 2471 habeo.
922 2413 957 2470 Id
972 2414 1045 2471 adeo
1066 2413 1149 2489 expe·

219 2504 271 2564 riri
291 2505 379 2562 lieet:
412 2523 499 2576 arma,
527 2504 613 2576 viros,
641 2505 805 2579 pecuniam,
832 2515 977 2580 postremo
1011 2505 1149 2580 quicquid

220 2595 318 2653 animo
341 2596 431 2668 lubet,
450 2614 542 2667 sume,
564 2605 663 2654 utere:
689 2605 727 2667 et,
753 2598 848 2670 quoad
875 2596 962 2666 vives,
990 2611 1148 2669 numquam

221 2684 302 2767 [tibi]
338 2688 480 2744 redditam
508 2687 629 2764 gratiam
655 2687 817 2762 putaveris3
852 2705 964 2762 semper
992 2687 1069 2761 apud
1102 2703 1148 2742 me

218 2777 333 2852 integra
352 2778 423 2834 erit:
458 2777 583 2852 denique
611 2777 693 2848 nihil,
714 2795 762 2834 me
791 2778 913 2849 sciente,
935 2777 1039 2834 frustra
1059 2777 1145 2836 voles

218 2865 307 2935 Nem,
322 2875 353 2920 ut
374 2883 429 2940 ego
450 2876 579 2938 aestumo,
598 2885 696 2942 regem
718 2868 813 2938 armis,
835 2887 921 2942 qnam
948 2867 1148 2925 munificentia

218 2953 306 3025 vinci,
338 2953 434 3011 minus
458 2955 632 3030 flagitiosum
655 2967 707 3014 est.
757 2959 895 3015 Ceterum
917 2958 953 3014 de
973 2976 1005 3014 re
1029 2958 1148 3032 publica

217 3055 321 3117 vestra,
336 3045 419 3121 cujus
433 3055 549 3102 curator
562 3045 621 3103 huc
639 3047 744 3104 missus
757 3049 912 3124 espancis
931 3048 1040 3123 accipe.
1083 3047 1147 3105 Bel·

216 3135 278 3195 lum
291 3155 347 3214 ego
366 3137 474 3212 populo
494 3136 632 3194 Romano
651 3157 745 3212 neque
767 3140 943 3213 fecisseque
964 3140 1072 3196 sactum
1087 3157 1147 3195 um·

216 3246 302 3303 quarn
327 3228 423 3286 volui:
444 3227 510 3285 finis
531 3245 612 3304 meos
628 3229 778 3287 advorsum
795 3240 919 3286 armatos
933 3229 1020 3286 armis
1037 3237 1147 3286 tulatus

216 3337 289 3376 sum.
332 3318 367 3376 Id
387 3320 499 3391 omitto,
513 3319 628 3394 quando
652 3319 733 3377 vobis
754 3320 794 3376 ita
812 3320 924 3394 placet:
946 3319 1049 3396 gerite,
1070 3317 1147 3394 quod

217 3408 310 3480 voltis,
325 3427 392 3466 curn
416 3409 561 3486 Jugurtha
586 3408 702 3466 bellurn.
734 3406 808 3487 ,Ego
831 3409 940 3466 flumen
961 3408 1146 3482 Mulucham,

217 3496 294 3571 quod
318 3497 393 3555 inter
416 3519 463 3558 me
484 3509 514 3556 et
536 3497 692 3576 Micipsam
716 3499 779 3572 fuit,
801 3517 860 3558 non
884 3498 1027 3576 egrediar,
1050 3515 1148 3577 neque

1225 3399 1234 3443 l

1188 3451 1223 3534 ,.

1212 3575 1229 3614 N
