2656 4276
227 331 271 398 tto
519 347 684 392 emman
706 346 867 392 erumnas.

227 491 343 566 deinde,
357 491 408 551 ubl
428 509 445 550 a
464 490 568 569 legatis
588 490 720 550 desertus
740 499 795 563 est,
806 489 899 549 multa
914 489 996 567 prius
1015 490 1054 550 de
1068 491 1161 555 salute
1195 487 1198 500 '

226 601 280 642 rna
290 583 476 660 Pomptinam
490 583 660 654 obtestatus,
678 582 755 658 qnod
777 582 805 640 ei
823 591 910 640 notas
927 592 998 655 erat,
1012 593 1161 659 postremo

226 673 355 748 timidus,
370 691 405 734 ac
418 673 484 734 vitre
497 673 640 747 diffidens,
654 673 742 732 veluti
756 673 896 746 hostibus,
911 691 975 732 sese
987 677 1160 751 pretoribus

225 767 314 827 dedit.

264 855 374 916 XLVI.
403 855 522 918 Quibus
545 856 632 914 rebus
654 854 806 926 conlectis,
837 855 936 913 omnia
962 875 1085 934 propere
1106 875 1158 934 per

224 947 349 1006 nuncios
365 948 478 1006 consuli
493 946 684 1006 declarantur.
726 946 767 1002 At
781 946 862 1003 illum
877 945 980 1023 ingens
991 965 1062 1005 cura
1073 959 1157 1026 atque

224 1038 326 1098 laetitia
345 1038 431 1097 simul
454 1055 642 1112 occupavere.
684 1035 762 1094 Nam
785 1035 945 1108 letabatur,
961 1037 1155 1120 (intelligens)

224 1129 424 1203 conjuratione
440 1127 593 1203 patefacta,
609 1126 755 1184 civitatem
773 1128 911 1203 periculis
924 1139 1051 1204 creptam
1072 1147 1154 1188 esse:

222 1233 310 1294 porro
331 1227 426 1276 autem
449 1216 550 1274 anxius
568 1226 639 1290 erat,
661 1215 824 1297 (dubitans)
845 1219 875 1276 in
893 1237 1028 1278 maxumo
1046 1220 1156 1280 scelere

223 1308 312 1368 tantis
323 1308 436 1366 civibus
454 1307 650 1383 deprehensis,
665 1308 734 1382 quid
750 1308 827 1366 facto
841 1327 913 1384 opus
927 1322 1019 1381 esset;
1040 1329 1154 1386 penam

223 1397 338 1458 illorum
369 1399 425 1458 sibi
456 1399 548 1471 oneri,
573 1400 773 1475 impunitatem
801 1400 958 1474 perdundae
986 1401 1153 1476 reipublice

222 1490 285 1551 sore
305 1491 449 1550 credebat.
490 1480 594 1568 Igitur,
610 1491 780 1548 confirmato
801 1489 908 1561 animo,
923 1492 1020 1549 vocari
1035 1493 1071 1550 ad
1091 1510 1154 1551 sese

228 1581 311 1658 jubet
331 1583 498 1654 Lentulum,
520 1582 693 1659 Cethegum,
715 1581 872 1651 Statilium,
894 1582 1062 1654 Gabinium,
1084 1583 1153 1642 item

223 1671 389 1746 Ooeparium
404 1672 567 1746 quemdam,
582 1672 836 1741 Terracinensem,
850 1671 900 1746 qui
915 1672 944 1729 in
958 1672 1095 1747 Apuliam
1117 1673 1153 1730 ad

222 1762 399 1820 concitanda
416 1761 532 1820 servitia
549 1761 695 1838 proticisci
713 1761 841 1836 parabat.
883 1762 982 1820 Ceteri
996 1763 1059 1820 sine
1072 1780 1152 1820 mora

221 1853 358 1913 veniunt:
379 1853 540 1930 Caeparius,
562 1853 660 1928 paullo
681 1861 747 1910 ante
766 1852 855 1908 domo
875 1870 1018 1929 egressus,
1034 1853 1153 1931 cognito

221 1944 342 2015 indicio,
366 1963 403 2002 ex
428 1946 500 2002 urbe
527 1943 701 2020 profugerat.
751 1942 862 1999 Consul
887 1943 1054 2016 Lentulum,
1075 1943 1153 2019 qnod

220 2045 326 2111 pretor
352 2043 422 2105 erat,
448 2033 509 2108 ipse
536 2051 623 2090 manu
652 2042 754 2091 tenens
781 2032 813 2089 in
839 2043 971 2091 senatum
1002 2034 1151 2110 perducit;

220 2124 347 2197 reliquos
357 2143 425 2180 cum
440 2124 609 2182 custodibus
620 2124 650 2183 in
665 2125 755 2182 aedem
767 2124 940 2182 Concordiae
952 2127 1049 2183 venire
1060 2126 1150 2202 jubet.

221 2213 266 2270 Eo
287 2223 418 2270 senatum
441 2215 571 2285 advocat,
593 2233 755 2291 magnaque
776 2215 936 2290 frequentia
954 2215 1015 2288 ejus
1029 2216 1151 2289 ordinis,

220 2303 405 2361 Volturcium
427 2323 495 2360 curn
516 2304 619 2380 legatis
639 2305 813 2364 introducit:
843 2307 982 2364 Flaccum
998 2315 1151 2378 pretorem

220 2393 359 2453 scrinium
382 2413 450 2450 cum
473 2394 587 2467 litteris,
602 2414 673 2470 quas
698 2396 841 2473 elegatis
866 2405 1025 2473 acceperat,
1046 2396 1151 2454 eodem

221 2484 331 2543 adferre
350 2485 439 2560 jubet.

259 2576 385 2635 XLVII.
414 2577 584 2636 Volturcius
608 2577 801 2655 interrogatus
823 2579 889 2636 “dc
916 2579 1028 2648 itinere,
1049 2577 1086 2634 de
1106 2577 1151 2635 lit·

219 2669 298 2740 teris,
322 2679 468 2744 postremo
489 2669 569 2744 quid,
591 2679 639 2726 aut
660 2689 717 2744 qua
739 2669 775 2726 de
796 2688 908 2741 caussa,
928 2669 1042 2726 consilii
1062 2667 1151 2724 habu·

219 2759 309 2816 issetl
321 2762 338 2787 '¹
359 2761 454 2831 primo
472 2759 581 2833 fingere
603 2760 668 2829 alia,
684 2758 864 2815 dissimulare
879 2758 915 2814 de
932 2759 1149 2834 conjuratione;

219 2855 294 2921 post,
306 2845 356 2900 ubi
371 2846 428 2901 fide
447 2847 565 2918 publica
585 2847 683 2902 dicere
703 2848 801 2920 jussus
815 2856 867 2914 est,
884 2847 991 2915 omnia,
1007 2849 1049 2904 uti
1070 2857 1151 2924 gesta

219 2942 311 3004 erant,
327 2933 417 3008 aperit
431 2932 573 3006 docetque
595 2951 628 2990 re
648 2939 667 2967 “
676 2934 778 3008 paucis
793 2942 859 2990 ante
873 2933 975 2989 diebus
995 2936 1152 2997 aGabinio

219 3033 249 3084 et
263 3024 398 3100 Coepario
418 3022 529 3081 socium
551 3023 702 3094 adscitum,
722 3022 794 3079 nihil
815 3022 936 3097 amplius
957 3023 1042 3096 scire,
1063 3045 1149 3102 qnam

218 3117 347 3195 legatos:
381 3114 581 3173 tantummodo
610 3113 710 3173 audire
736 3113 853 3170 solitum
880 3131 917 3170 ex
946 3115 1084 3188 Gabinio,
1115 3117 1148 3174 P.

219 3209 408 3281 Autronium,
435 3205 568 3264 Servium
593 3205 713 3278 Sullam,
736 3205 769 3264 L.
795 3205 1017 3282 Vargunteium,
1043 3207 1149 3265 multos

219 3311 359 3377 preterea
369 3301 399 3359 in
410 3317 445 3358 ea
455 3295 654 3376 conjuratione
666 3299 757 3357 esse.”
799 3298 910 3356 Eadem
919 3297 1148 3368 Gallilatentnr;

221 3407 256 3450 ac
269 3391 426 3450 Lentulum
452 3390 681 3451 dissimulantem
709 3399 881 3468 coarguunt,
902 3399 1005 3464 praeter
1028 3387 1147 3458 litteras,

220 3479 411 3554 sermonibus,
423 3500 495 3557 quos
515 3481 564 3539 ille
578 3482 685 3540 habere
698 3481 800 3538 solitus
821 3490 900 3537 erat:
922 3485 941 3514 ‘⁴
950 3498 987 3536 ex
1007 3478 1089 3536 libris
1104 3477 1150 3534 Si·

220 3567 346 3645 byllinis,
355 3588 476 3647 regnum
487 3571 592 3630 Rome
601 3571 694 3629 tribus
702 3569 847 3629 Corneliis
857 3569 1008 3646 portendi:
1023 3567 1148 3626 Cinnam
