2656 4276
231 339 257 404 2
521 351 685 398 amanam
707 349 865 396 aramma.

231 513 349 572 coepere
368 494 455 554 urbes
475 503 560 569 atque
580 493 712 553 nationes
732 491 877 570 subigere,
896 489 1059 548 lubidinem
1071 489 1162 552 domi·

234 587 324 648 nandi
338 604 469 644 canuam
483 585 552 644 belli
571 584 688 658 habere,
701 601 865 642 maxumam
887 581 1009 660 gloriam
1033 581 1064 640 in
1084 599 1162 642 max·

234 695 305 737 amo
325 676 446 751 imperio
464 685 582 752 putare3
603 685 665 734 tum
678 675 795 732 demum
814 671 945 748 periculo
966 681 1053 748 atque
1073 691 1163 750 nego-

234 766 285 825 tiis
304 776 484 843 compertum
504 776 557 840 est,
578 766 608 824 in
629 766 706 824 bello
725 761 881 842 plurimum
901 763 1051 840 ingenium
1065 781 1159 839 posse.

234 856 327 922 Quod
342 857 368 916 si
381 876 481 935 regum
496 867 590 933 atque.
601 857 805 933 imperatorum
827 853 916 912 animi
928 854 1019 911 virtus
1039 854 1070 911 in
1089 872 1162 930 pace

235 946 287 1021 ita,
307 948 350 1006 uti
376 947 407 1007 in
430 948 517 1021 ballo,
538 948 654 1020 valeret,
675 946 844 1021 aequabilius
872 955 957 1020 atque
983 944 1167 1016 coustantius

236 1056 300 1098 sese
320 1057 367 1096 res
384 1039 518 1096 humanae
532 1038 689 1107 haberent3
709 1054 805 1111 neque
820 1034 898 1092 aliud
912 1035 969 1092 alio
980 1033 1057 1107 ferri,
1068 1053 1163 1109 neque

236 1128 342 1186 mutari
357 1145 391 1185 aa
404 1125 521 1184 misceri
535 1126 634 1184 omnia
644 1143 787 1184 cerneres.
820 1123 851 1182 N
854 1143 898 1182 arn
909 1125 1062 1201 imperium
1077 1124 1164 1184 facile

237 1216 284 1274 his
298 1217 407 1275 artibus
420 1216 571 1288 retinetur,
586 1216 691 1291 quibus
711 1215 795 1273 initio
815 1225 927 1292 partum
949 1224 1001 1272 est.
1041 1215 1164 1286 Verum,

236 1306 289 1364 ubi
320 1324 373 1383 pro
406 1306 505 1364 labore
529 1307 651 1378 desidia,
680 1324 734 1382 pro
767 1305 948 1364 continentia
976 1314 1006 1362 et
1028 1305 1163 1379 equitate

236 1395 338 1456 lubido
353 1407 437 1473 atque
457 1397 592 1475 superbia
612 1397 752 1468 invasere,
768 1396 883 1453 fortuna
896 1395 981 1452 simul
996 1413 1064 1452 cum
1078 1394 1164 1454 nori·

199 1497 204 1517 ¹
237 1485 292 1547 bus
322 1487 497 1546 immutatur.
555 1487 602 1546 Ita
627 1487 779 1565 imperium
807 1505 919 1562 semper
949 1485 985 1542 ad
1013 1495 1163 1560 optumum

237 1595 381 1654 quemque
409 1579 541 1636 aminus
574 1579 653 1636 bono
685 1577 862 1636 transfertur.
916 1575 994 1637 Quae
1029 1575 1164 1632 homiues

239 1677 330 1740 aram,
353 1667 499 1741 navigant,
527 1667 681 1737 aedificant,
702 1667 800 1723 virtuti
820 1663 919 1723 omnia
941 1675 1051 1741 parent.
1103 1665 1164 1722 Sed

237 1754 321 1814 multi
335 1754 480 1828 mortales,
494 1755 585 1812 dediti
601 1755 694 1812 ventri
708 1765 793 1830 atque
812 1773 924 1827 somno,
940 1755 1051 1812 indocti
1072 1755 1165 1812 incul-

237 1845 319 1922 tique
342 1845 442 1918 vitam,
469 1845 556 1904 sicuti
575 1845 801 1924 peregrinantes,
829 1855 1013 1922 transegere3
1048 1846 1165 1920 quibus,
1188 1881 1191 1887 ,

237 1937 370 2012 profecto
389 1946 492 1994 contra
510 1945 653 2007 naturam,
674 1953 779 2011 corpus
799 1935 948 2011 voluptati,
970 1936 1065 1993 anima
1083 1935 1165 1993 oneri

239 2025 303 2084 fuir.
357 2025 469 2083 Eorum
499 2043 555 2103 ego
587 2025 676 2082 uitam
709 2034 889 2099 mortemque
918 2025 1001 2101 juxta
1034 2035 1165 2096 nstunm,

238 2113 377 2190 quoniam
390 2115 427 2173 de
440 2125 561 2191 utraque
574 2115 682 2172 siletur.
710 2115 821 2173 Verum
836 2115 913 2172 euim
928 2133 996 2172 vero
1010 2115 1035 2171 is
1049 2115 1166 2172 demum

239 2203 311 2262 mihi
324 2205 419 2264 vivere
429 2213 519 2280 atque
532 2205 588 2262 srui
604 2205 700 2263 anima
712 2205 834 2277 videtur,
849 2205 909 2280 qui,
931 2205 1029 2278 aliquo
1047 2204 1168 2280 negotio

240 2293 378 2368 intentus,
388 2297 520 2373 praeolari
534 2295 681 2368 facinoris,
694 2306 743 2353 aut
757 2296 919 2354 artis'bonae
934 2294 1039 2352 samam
1053 2295 1166 2369 quaerit.

240 2383 311 2456 Sed,
345 2385 376 2443 iu
408 2403 515 2464 magna
540 2385 626 2463 copia
650 2403 758 2460 rerum,
786 2385 939 2462 cliudralii
973 2394 1076 2443 natura
1111 2384 1168 2442 iter

239 2475 375 2533 ostendit.

280 2563 335 2624 III.
362 2563 520 2624 Pulchrum
534 2573 577 2624 est
590 2565 665 2626 bene
680 2565 775 2624 facere
788 2566 972 2644 reipublioae:
987 2565 1074 2624 etiam
1088 2565 1167 2622 bene

239 2653 339 2716 dicere
352 2657 430 2716 haud
445 2658 600 2716 absurdum
614 2668 666 2717 est.
707 2657 763 2716 Vel
783 2677 866 2732 pace,
880 2657 925 2714 vel
946 2657 1032 2728 bello,
1053 2655 1165 2712 clarum

239 2744 304 2804 fieri
316 2748 404 2804 licet:
425 2749 518 2820 etqui
538 2749 642 2819 secere,
657 2757 686 2804 et
706 2747 755 2821 qui
777 2747 853 2804 facta
875 2747 996 2804 aliorum
1016 2745 1167 2822 scripsere,

240 2833 326 2891 multi
351 2833 514 2890 laudantur.
561 2837 609 2892 Ac
635 2835 707 2890 mihi
728 2834 855 2906 quidem,
881 2836 995 2890 mmetsi
1022 2836 1169 2909 haudqua-

241 2937 330 2995 quam
341 2937 393 2995 par
406 2919 500 2996 gloria
512 2930 648 2994 sequatur
662 2921 833 2994 scriptorem
845 2929 876 2978 et
890 2929 1039 2977 auctorem
1059 2940 1168 2997 rerum,

241 3017 340 3070 tamen
366 3008 398 3068 in
423 3007 525 3085 primis
552 3010 673 3068 arduum
695 3009 807 3067 videtur
831 3027 878 3067 res
901 3017 997 3085 gestas
1020 3011 1167 3073 scribere:
1209 3005 1214 3010 ¹

241 3099 378 3181 primurn,
392 3099 470 3176 quod
484 3098 561 3158 sacta
573 3099 659 3160 dictis
673 3108 741 3158 sunt
754 3099 948 3175 exaequanda·
969 3100 1087 3175 dehinc,
1101 3103 1171 3179 quia

242 3189 384 3270 plerique,
403 3209 467 3267 qum
487 3189 595 3249 delicta
613 3189 842 3267 reprehenderis,
863 3189 1059 3250 malivolentia
1078 3202 1108 3250 et
1127 3193 1170 3251 in·

243 3280 323 3340 vidia
349 3282 455 3364 (dicta)
479 3291 598 3359 putant:
629 3281 681 3340 ubi
704 3281 741 3340 de
763 3299 869 3360 magna
891 3280 997 3340 virtute
1022 3293 1052 3342 et
1077 3283 1170 3362 gloria

243 3369 388 3432 bonorum
407 3391 560 3446 memores,
580 3391 644 3450 quae
658 3373 714 3432 sibi
727 3373 848 3450 quisque
863 3373 961 3432 facilia
980 3375 1058 3433 fectu
1077 3381 1169 3451 putat,

243 3476 330 3536 equo
354 3463 450 3522 animo
472 3465 597 3542 accipit3
628 3483 715 3542 supra
737 3483 781 3536 ea,
805 3464 894 3522 veluti
915 3464 993 3536 ficta,
1014 3481 1067 3540 pro
1091 3459 1170 3522 salsis

245 3547 339 3614 (lucit
385 3552 446 3612 Sed
464 3571 521 3634 ego
546 3553 788 3628 aduescentulus,
809 3553 904 3630 initio,
924 3553 1011 3615 sicuti
1029 3552 1169 3666 pleriqqe,

214 2546 219 2579 i
