2656 4276
217 299 262 366 80
508 318 670 363 emautur
691 319 853 366 crurum»

218 459 341 537 majores
354 460 456 534 nostri,
469 479 507 520 ne
527 462 593 536 quia
611 462 776 520 divitiarum
799 460 902 538 magu,
925 477 1012 538 quam
1032 459 1146 540 injurie

218 567 332 624 caussa,
346 552 454 610 bellum
468 552 616 628 inceptum
629 553 750 624 diceret,
764 553 921 628 impunitos
934 571 985 610 eos
999 553 1144 614 dimisere.

218 639 293 700 Item
307 643 390 702 bellis
400 643 520 701 Punicis
534 644 680 716 omnibus,
694 663 783 719 quum
797 662 873 718 sepe
889 644 1145 720 Carthaginienses

218 742 248 790 et
261 733 291 790 in
304 752 387 810 pace,
402 745 431 792 et
443 752 494 810 per
508 734 651 806 inducias,
672 736 762 792 multa
781 734 892 792 nefaria
911 735 1042 792 facinore
1061 735 1145 794 fecie·

218 835 293 897 aeut,
307 843 463 900 numquam
477 825 531 902 ipsi
546 844 596 902 per
610 827 796 884 occasionem
817 825 886 884 talia
906 825 1020 884 secere:
1041 827 1142 904 magis,

218 915 288 992 quid
302 936 334 976 se
348 917 468 994 dignum
483 918 566 988 foret,
580 915 666 993 que'm
680 916 747 991 quid
763 917 793 974 iu
807 916 873 972 illos
883 916 948 993 jure
962 916 1024 973 lieri
1037 925 1143 992 posset,

218 1011 394 1084 quaerebant.
435 1009 503 1066 Hoc
530 1008 607 1066 idem
634 1007 714 1063 robis
738 1006 946 1079 providendum
970 1016 1024 1078 est,
1044 1007 1143 1064 Patres

219 1100 387 1172 conscripti,
402 1117 439 1156 ne
452 1099 516 1173 plus
530 1097 623 1154 valeat
638 1097 712 1170 apud
733 1115 783 1153 vos
802 1093 835 1154 P.
850 1097 967 1156 Lentuli
987 1107 1017 1156 et
1037 1107 1144 1156 cetero·

218 1206 284 1246 rum
297 1188 402 1260 scelus,
417 1206 503 1262 quam
516 1197 611 1244 vestra
627 1186 770 1262 dignitas;
792 1205 850 1244 ueu
864 1187 956 1264 magis
969 1188 1020 1246 ire
1034 1199 1142 1260 restrae,

219 1297 305 1354 quam
320 1279 412 1346 same,
427 1278 592 1338 consulatis.
634 1277 712 1334 Nam
732 1278 757 1336 si
777 1277 866 1354 digna
884 1297 969 1354 poeua
988 1297 1041 1355 pro
1061 1279 1144 1338 factis

219 1387 321 1428 eorum
335 1369 485 1445 reperitur,
499 1387 606 1428 uorum
627 1368 781 1428 consilium
803 1369 950 1444 adprobo:
971 1369 1016 1426 sin
1036 1369 1145 1446 magui·

220 1461 292 1521 tudo
319 1462 438 1520 sceleris
464 1460 594 1518 omnium
615 1460 735 1537 ingenia
755 1470 916 1537 exsuperat,
939 1460 984 1516 his
1005 1461 1144 1520 utendum

221 1570 339 1625 censeo,
360 1573 424 1629 que
443 1553 557 1630 legibus
577 1562 745 1628 comparata
764 1561 839 1609 runt.
880 1549 1014 1626 Plerique
1034 1570 1144 1624 eorum,

220 1644 271 1718 qui
285 1653 352 1700 aute
366 1662 412 1700 me
426 1643 584 1700 sententias
598 1644 742 1714 dixerunt,
757 1642 917 1717 composite
932 1652 1016 1717 atque
1036 1643 1145 1719 magni·

220 1733 277 1792 lice
291 1751 391 1792 casum
413 1733 580 1810 reipublicae
605 1733 732 1790 miserati
755 1743 839 1790 suut:
860 1751 924 1807 que
947 1733 1014 1790 belli
1037 1733 1146 1792 saevitia

221 1835 307 1898 esset,
322 1844 385 1900 quae
399 1824 484 1886 victis
498 1824 673 1896 acciderent,
688 1842 908 1894 enumeravere;
929 1824 1025 1882 diuelli
1039 1825 1145 1882 liberor
1167 1826 1169 1830 ’

223 1933 241 1976 a
265 1917 429 1993 parentium
455 1916 628 1992 compleam
661 1926 766 1973 matres
793 1914 966 1972 familiarum
992 1915 1061 1991 pati,
1082 1933 1145 1990 quae

222 2006 381 2065 victoribus
407 2006 604 2064 collibuisseut
616 2025 624 2075 ;
653 2006 719 2064 larsa
741 2016 825 2081 atquc
848 2005 949 2064 domos
972 2005 1167 2082 exspoliarip,

223 2097 343 2168 caedem,
371 2097 508 2156 incendia
534 2096 596 2154 lieri
608 2117 615 2168 ;
640 2108 795 2173 postrema,
824 2096 920 2167 armis,
948 2097 1145 2168 cadaveribus,

224 2203 327 2244 cruore
343 2196 427 2261 atque
441 2188 523 2244 luctu
537 2188 635 2246 omnia
655 2188 802 2262 compleri.
844 2188 914 2260 Sed,
933 2204 984 2262 per
1004 2184 1074 2242 deos
1094 2187 1148 2244 im·

223 2276 371 2334 mortalis!
393 2295 451 2350 quo
466 2277 515 2335 illa
528 2278 620 2335 oratio
640 2279 800 2353 pertinuitl
829 2297 876 2350 an,
897 2277 939 2334 uti
957 2295 1006 2334 vos
1026 2275 1148 2336 infestos

224 2365 417 2442 conjurationi
430 2366 561 2426 faceretl
601 2368 724 2426 Scilicet
738 2388 824 2444 quem
837 2389 883 2428 res
897 2377 976 2428 tauta
990 2376 1073 2442 atque
1086 2375 1147 2426 tam

225 2466 306 2518 atrox
318 2476 378 2516 nou
391 2457 542 2534 permovit,
556 2477 622 2516 eum
636 2459 729 2520 oratio
744 2461 899 2518 accendet!
941 2459 1011 2517 Non
1024 2458 1065 2516 ita
1084 2467 1146 2516 est:

224 2567 320 2624 neque
334 2549 469 2627 cuiquam
489 2549 652 2609 mortalium
672 2549 784 2626 injurie
805 2569 864 2608 sue
884 2569 978 2625 parve
998 2550 1145 2608 ridentur:

224 2643 308 2700 multi
322 2661 371 2700 eas
385 2641 500 2720 gravius
514 2661 595 2717 aequo
608 2641 743 2698 habuere.
785 2641 844 2697 Sed
870 2641 926 2700 alia
947 2641 1010 2700 aliis
1030 2639 1148 2698 licentia

225 2742 278 2803 est,
293 2733 392 2790 Patres
407 2731 572 2805 conscripti.
609 2730 673 2792 Qui
686 2730 803 2788 demissi
817 2729 847 2786 iu
861 2731 986 2788 obscuro
1000 2731 1086 2790 vitum
1100 2730 1149 2788 ha·

225 2807 341 2889 bent,'si
351 2820 419 2891 quid
429 2819 579 2874 iracundia
589 2819 745 2890 deliquere,
754 2817 840 2890 pauci
850 2818 964 2886 sciunt;
978 2820 1054 2877 sama
1065 2831 1149 2896 atque

226 2907 341 2966 lortuua
353 2924 439 2980 pares
450 2915 516 2962 sunt
528 2925 535 2962 :
560 2905 609 2979 qui
623 2923 729 2979 magno
743 2904 863 2979 imperio
871 2905 984 2978 prediti
995 2907 1025 2962 in
1034 2912 1150 2970 excelso

227 3006 341 3058 aetatem
356 3005 454 3073 agunt,
469 3012 570 3052 eorum
584 2994 661 3051 iacta
674 2994 773 3051 cuncti
793 2993 928 3051 mortales
948 3013 1063 3057 novere.
1105 3000 1151 3060 Ita

227 3088 258 3150 iu
272 3107 406 3148 maxuma
419 3086 533 3145 fortuna
546 3083 675 3142 minuma
688 3083 806 3141 licentia
825 3094 887 3142 est:
908 3103 1003 3160 oeque
1023 3090 1149 3163 studere,

227 3200 322 3257 neque
335 3181 441 3250 odisse,
455 3177 506 3236 sed
520 3176 647 3234 minume
666 3175 753 3232 irasci
773 3175 876 3234 decet:
898 3195 962 3251 quse
984 3180 1058 3256 apud
1080 3181 1150 3240 alios

228 3271 379 3332 iracundia
392 3270 508 3342 dicitur,
523 3287 558 3328 ca
571 3267 601 3326 iu
615 3266 736 3342 imperio
750 3267 885 3344 superbia
900 3277 985 3343 atque
996 3271 1150 3330 crudelitas

229 3364 395 3438 adpellatur.
437 3361 581 3438 Equidem
594 3377 650 3437 ego
660 3359 704 3418 sic
718 3369 848 3432 aestumo,
862 3359 963 3418 Patres
983 3361 1149 3437 conscripti,

225 3453 322 3512 omnis
342 3453 488 3511 cruciatus
508 3452 644 3523 minores,
666 3469 751 3525 quem
771 3450 902 3508 facinora
920 3451 1045 3523 illorum,
1068 3469 1150 3510 esse:

230 3540 282 3600 sed
293 3541 421 3617 plerique
431 3543 566 3602 mortales
576 3553 721 3618 postrema
730 3540 897 3614 meminere,
909 3550 938 3600 et
948 3541 978 3600 iu
987 3541 1151 3600 homiuibus
