2656 4276
255 331 299 396 34
455 330 460 339 ’
542 349 707 392 smaosrrr
737 345 895 391 cremans.

256 489 470 568 neglegentiam
478 491 626 550 tolerabat
660 489 750 548 Nunc
761 507 828 547 vero
837 506 896 546 non
906 486 936 545 id
948 486 1052 564 agitur,
1061 487 1188 562 bonisne

256 599 294 642 su
315 583 399 640 malis
422 583 551 640 moribus
577 583 718 651 vivamus3
739 599 832 656 neque
857 589 1006 654 quantum,
1031 591 1080 638 aut
1099 599 1184 655 quam

256 673 442 750 magnificum
454 675 605 749 imperium
619 673 717 748 populi
734 671 862 730 Romani
876 671 932 728 sit:
954 671 1015 740 scd,
1027 671 1110 748 cujus
1122 673 1184 731 haeo

257 779 381 838 cumque
395 765 473 822 modi
487 765 619 822 videntur
633 774 740 834 nostra,
756 781 792 820 au
809 762 961 820 uobiscum
976 779 1043 832 una,
1057 761 1182 820 hostium

257 853 354 913 lutura
380 856 445 915 sint.
491 855 551 913 Hic
584 855 655 912 mibi
688 854 838 929 quisquam
871 853 1122 910 mansuetudinem
1155 863 1182 911 ct

256 945 484 1005 misericordiam
508 946 657 1004 nominatl
676 945 736 1019 jam
756 944 869 1019 pridem
889 943 1023 1018 equidem
1045 961 1099 1000 nos
1117 961 1182 1002 vera

256 1054 352 1095 rerum
380 1037 520 1094 vocabula
548 1035 713 1104 amisimus;
743 1035 811 1108 quia
844 1034 920 1091 bona
954 1033 1047 1092 aliena
1073 1033 1181 1110 largiri,

256 1127 428 1195 liberalitas3
450 1126 589 1183 malarum
612 1142 707 1182 rerum
731 1125 863 1196 audacia,
886 1123 1024 1181 fortitudo
1046 1135 1180 1182 vocatur:

256 1232 292 1272 eo
306 1216 468 1291 respublica
483 1215 512 1271 in
524 1225 652 1272 extremo
666 1215 720 1272 sita
732 1225 783 1272 est.
826 1216 892 1272 Sint
901 1233 981 1284 sane,
993 1215 1129 1289 quoniam
1143 1215 1182 1272 ita

255 1322 288 1364 se
313 1324 407 1362 mores
434 1306 550 1377 habent,
573 1305 707 1362 liberales
729 1325 765 1362 ex
791 1306 937 1363 sociorum
965 1305 1096 1378 fortunis,
1125 1305 1182 1363 sint

256 1396 458 1454 misericordes
492 1397 522 1454 in
562 1397 674 1453 furibus
707 1396 818 1454 erarii:
853 1415 891 1454 ne
922 1396 978 1453 illis
1012 1397 1181 1472 sanguinem

256 1498 385 1547 nostrum
412 1487 580 1565 largiantur,
604 1497 643 1560 et,
666 1488 735 1545 dum
762 1487 863 1564 paucis
883 1486 1030 1544 sceleratis
1050 1487 1190 1561 parcunt,
1287 1483 1290 1492 Δ

256 1578 349 1636 bonos
367 1580 461 1637 omnis
481 1580 624 1654 perditum
638 1589 713 1636 eant.
756 1577 837 1636 Bene
850 1589 880 1635 et
898 1578 1105 1653 compositas).
1122 1577 1181 1634 Car·

255 1685 302 1726 sar
314 1669 412 1743 paullo
427 1679 493 1725 ante
507 1669 537 1726 in
553 1669 609 1726 boc
625 1670 726 1726 ordine
747 1669 783 1726 dc
804 1669 862 1726 rita
881 1679 910 1725 ct
931 1679 1022 1726 morte
1037 1669 1180 1740 disseruit,

255 1757 345 1816 credo
367 1758 438 1815 salsa
458 1759 638 1817 existumans
654 1779 698 1830 ea,
712 1779 776 1835 qua
791 1759 827 1815 de
848 1759 948 1818 inferis
970 1768 1179 1828 memorantur;

255 1848 370 1907 divorso
394 1850 497 1908 itinere
519 1851 610 1908 melos
635 1871 651 1909 a
673 1850 758 1908 bonis
779 1851 846 1907 loca
867 1860 950 1919 tetra,
971 1851 1091 1922 inculta,
1108 1850 1181 1907 laeda

256 1950 342 2014 atqua
376 1941 561 1998 formidolosa
591 1941 704 1998 habere.
759 1940 862 2014 Itaque
896 1943 1010 1998 censuit
1042 1941 1181 2016 pecunias

256 2049 357 2089 corum
384 2030 584 2105 publicandas,
613 2031 691 2106 ipsos
722 2049 773 2107 per
801 2031 961 2107 municipia
987 2031 1016 2090 in
1044 2031 1181 2090 custodiis

255 2120 405 2178 habendos
413 2141 421 2190 ;
449 2121 585 2179 videlicet
612 2123 727 2193 timens,
748 2141 795 2195 ne,
823 2122 848 2179 si
869 2121 973 2180 Romae
1001 2123 1068 2194 sint,
1091 2131 1140 2180 aut
1165 2138 1181 2179 a

253 2210 440 2287 popularibus
464 2213 682 2286 conjurationis,
708 2223 757 2270 aut
781 2231 799 2270 a
821 2213 1004 2270 multitudine
1025 2215 1181 2284 conducta,

254 2319 305 2378 per
320 2300 377 2358 vim
391 2301 557 2376 eripiantur.
599 2302 695 2364 Quasi
709 2323 778 2361 vero
798 2304 867 2362 mali
889 2315 972 2379 atque
992 2303 1108 2361 scelesti
1123 2315 1182 2362 tan·

254 2391 403 2453 tummodo
424 2390 454 2449 in
474 2393 556 2463 urbe,
581 2402 609 2450 ct
633 2412 692 2451 non
712 2413 763 2470 per
783 2404 874 2453 totam
900 2394 1014 2452 ltaliam
1034 2392 1111 2464 sint3
1135 2403 1182 2452 aut

254 2499 314 2540 nou
336 2481 376 2538 ibi
400 2482 464 2557 plus
487 2483 578 2558 possit
602 2485 733 2555 audacia,
748 2485 798 2542 ubi
823 2486 859 2542 ad
880 2484 1091 2544 defendendum
1113 2503 1181 2561 opes

253 2572 389 2633 minores.
430 2573 532 2636 Quare
555 2593 661 2632 vanum
680 2575 817 2650 equidem
838 2577 895 2634 hoc
914 2577 1068 2634 consilium
1089 2586 1142 2649 est,
1156 2575 1181 2633 si

252 2665 415 2743 periculum
444 2684 480 2723 ex
502 2667 560 2724 illis
584 2666 704 2724 metuit:
726 2667 771 2724 sin
793 2667 823 2724 in
846 2676 928 2724 tanto
947 2667 1076 2724 omniurn
1095 2676 1180 2740 Jnctu

253 2755 333 2814 solus
357 2775 416 2812 non
437 2756 530 2826 timet,
552 2775 588 2812 co
612 2757 704 2830 magis
727 2758 814 2813 refert
832 2775 878 2814 me
903 2758 974 2814 milri
996 2769 1080 2832 atque
1103 2756 1179 2816 vobis

253 2843 364 2900 timere.
404 2843 517 2912 Quare,
529 2863 617 2915 quum
632 2845 668 2900 de
682 2844 713 2900 P.
727 2845 852 2900 Lentulo
865 2846 1026 2918 ceterisque
1041 2847 1179 2917 statuetis,

252 2946 306 3008 pro
321 2939 401 2986 certo
424 2930 569 3000 habetote,
585 2949 634 2986 vos
649 2931 733 2987 simul
748 2932 784 2988 dc
805 2933 933 2988 exercitu
954 2934 1089 2994 Catilinae
1104 2938 1179 2996 etde

253 3020 389 3082 omnibus
403 3019 561 3095 conjuratis
576 3019 741 3082 decernere.
782 3020 903 3082 Quanto
924 3040 974 3078 vos
996 3027 1134 3086 attentius
1147 3045 1180 3084 ea

254 3113 356 3192 agetis,
384 3121 465 3170 tanto
490 3110 547 3168 illis
575 3110 687 3169 animus
714 3111 854 3170 infirmior
878 3112 949 3171 erit:
971 3114 996 3171 si
1022 3119 1179 3191 paullulum

251 3206 341 3264 modo
354 3223 405 3263 vos
427 3203 564 3278 languere
583 3201 717 3274 viderint,
729 3203 787 3278 jam
803 3221 904 3260 omnes
924 3204 1036 3263 feroces
1051 3209 1177 3266 aderunt.

253 3295 354 3356 Nolite
374 3296 557 3367 existumare,
582 3293 705 3370 majores
726 3305 840 3354 nostros
861 3296 947 3354 armis
974 3299 1178 3374 rempublicam

253 3405 290 3444 cx
303 3406 390 3462 parva
410 3406 544 3464 maguam
566 3386 678 3446 fecisse.
721 3387 753 3446 Si
776 3387 816 3446 ita
839 3407 885 3445 res
908 3398 993 3461 esset,
1008 3389 1099 3445 multo
1118 3387 1179 3463 pul·

253 3473 435 3535 cherrumam
449 3497 512 3536 earu
527 3497 580 3536 nos
594 3479 787 3536 haberemus:
808 3479 913 3553 quippe
932 3479 1075 3536 sociorum
1094 3486 1179 3552 atquc

254 3559 372 3635 civium,
386 3577 524 3647 practerea
546 3585 690 3634 murorum
715 3576 799 3642 atque
822 3584 961 3642 equorum
984 3569 1075 3652 major
1094 3566 1179 3633 uobis
