2656 4276
476 343 638 387 smnusnrr
658 343 840 388 moueant.
1080 324 1123 390 89

196 493 274 543 ruat.
314 483 415 543 Nostri
438 485 532 560 primo
554 485 705 542 resistere:
736 485 849 558 deinde,
871 485 922 543 ubi
946 501 1013 542 une
1037 493 1122 561 atque

198 575 294 633 altere
308 577 392 633 scale
405 576 600 646 comminutae,
613 576 663 650 qui
677 579 900 650 supersteterant
916 575 1024 634 adflicti
1035 585 1120 647 suut;

196 666 297 737 ceteri,
311 684 428 740 quoquo
446 666 531 723 modo
552 675 682 740 potuere,
696 667 783 741 pauci
805 667 919 743 integri,
938 685 1044 743 magna
1056 685 1122 743 pars

195 755 359 813 volneribus
377 755 504 813 coniecti
519 757 633 814 abeunt
674 757 807 832 Denique
827 758 972 831 utrimque
990 758 1121 833 prelium

196 863 258 904 nox
268 847 390 904 diremit.

238 935 318 993 LXI.
347 935 491 1007 Metellus,
511 947 662 1012 postquam
681 938 759 995 videt
782 938 886 995 frustra
900 937 1057 1012 inceptum,
1074 955 1123 995 ne·

196 1043 254 1100 que
274 1027 408 1102 oppidum
432 1028 508 1102 capi,
529 1047 623 1103 neque
650 1028 834 1105 Jugurtham,
862 1028 977 1085 nisiex
1000 1027 1122 1100 insidiis,

198 1126 247 1174 aut
257 1135 311 1174 suo
324 1118 389 1175 loco
402 1137 529 1194 pugnam
540 1119 645 1190 lacem,
656 1120 752 1195 etjam
764 1129 891 1177 aestatem
902 1129 1033 1176 exactam
1048 1136 1122 1190 esse,

197 1207 234 1265 ab
252 1207 347 1266 Zama
360 1209 484 1267 discedit
494 1229 501 1278 ;
523 1210 596 1266 etin
617 1211 663 1266 his
682 1211 812 1282 urbibus,
826 1229 889 1286 quae
909 1211 944 1267 ad
965 1229 996 1267 se
1010 1210 1123 1268 desece-

196 1309 270 1370 rant,
285 1299 414 1372 satisque
434 1299 552 1354 munitae
565 1299 642 1368 loco,
664 1309 713 1355 aut
728 1301 871 1356 moenibus
885 1310 976 1370 erant,
988 1299 1124 1374 presidia

196 1387 330 1463 imponit.
363 1389 502 1444 Ceterum
513 1387 670 1441 exercitum
680 1387 710 1441 in
718 1389 896 1460 provinciam
909 1407 972 1461 quae
984 1407 1126 1462 proxuma

195 1477 350 1535 Numidia
372 1475 521 1531 hiemandi
542 1475 634 1550 gratie
658 1474 790 1531 collocat.
831 1475 936 1549 Neque
956 1476 986 1530 id
1003 1487 1125 1550 tempus,

196 1585 236 1626 ex
248 1567 370 1624 aliorum
390 1583 480 1636 more,
495 1565 596 1639 quieti,
612 1574 660 1621 aut
674 1565 795 1622 luxuriae
809 1565 963 1622 concedit:
984 1566 1044 1637 sed,
1059 1581 1127 1641 quo-

198 1659 279 1717 niam
300 1657 387 1714 armis
409 1656 517 1714 bellum
537 1675 639 1732 parum
652 1656 837 1731 procedebat,
857 1655 978 1713 iusidias
994 1657 1056 1733 regi
1076 1675 1127 1734 per

201 1748 310 1806 amicos
328 1748 457 1818 tendere,
480 1755 509 1804 et
530 1765 630 1805 eorum
649 1746 770 1822 perfidia
789 1765 843 1822 pro
868 1747 953 1804 armis
973 1747 1015 1803 uti
1036 1756 1126 1822 parat.

200 1838 294 1916 Igitur
315 1839 519 1910 Bomilcarem,
534 1837 584 1914 qui
604 1838 709 1894 Romae
730 1855 797 1894 cum
810 1837 955 1914 Jugurtha
976 1837 1078 1909 meras,
1099 1847 1128 1895 et

200 1928 279 2002 inde,
305 1930 427 1987 vadibus
448 1929 533 2001 datis,
563 1929 639 1986 clam
666 1928 799 1986 Massivae
826 1929 863 1987 de
889 1945 962 1986 nece
985 1928 1127 2004 judicium

200 2018 325 2096 lugeret,
352 2019 430 2093 quod
456 2020 494 2090 ei,
524 2037 574 2094 per
601 2035 765 2076 maxumam
797 2019 963 2091 amicitiam,
994 2037 1128 2078 maxuma

201 2109 290 2184 copia
314 2108 430 2165 fallendi
454 2119 525 2180 erat,
546 2109 644 2167 multis
663 2109 920 2186 pollicitationibus
945 2111 1125 2188 adgreditur3

202 2217 236 2256 ac
255 2199 351 2274 primo
371 2199 468 2270 efficit,
496 2199 538 2256 uti
560 2200 595 2257 ad
622 2219 652 2258 se
677 2201 859 2276 colloquendi
879 2203 972 2280 gratia
993 2203 1127 2260 occultus

201 2289 316 2347 veniat:
337 2289 442 2347 deinde
462 2289 519 2348 lide
537 2292 612 2363 data,
633 2292 689 2348 “ai
703 2291 876 2369 Jugurtham
890 2295 985 2352 vivum
1008 2305 1058 2352 aut
1077 2310 1128 2350 ne·

203 2389 299 2437 catum
316 2379 372 2436 sibi
383 2381 559 2454 tradidisset,
574 2382 645 2454 fore,
667 2391 700 2438 ut
723 2371 765 2440 illi
787 2395 905 2442 senatus
925 2385 1127 2459 impunitatem

203 2481 232 2527 et
240 2489 291 2528 sua
301 2471 399 2528 omn-ia
407 2472 609 2542 concederet?
620 2472 708 2528 facile
718 2472 748 2528 N
750 2473 855 2529 umidae
865 2473 1028 2547 persuadet,
1039 2487 1128 2546 quum

204 2561 321 2638 ingenio
343 2562 442 2633 infido,
457 2572 517 2619 tum
538 2561 691 2632 metuenti,
705 2579 753 2631 ne,
775 2563 799 2618 si
820 2579 877 2636 pax
898 2571 966 2617 cum
984 2559 1129 2616 Romanis

203 2651 294 2723 fieret,
309 2653 435 2728 ipseper
450 2651 630 2708 conditiones
646 2651 681 2706 ad
696 2651 869 2724 supplicium
883 2649 1050 2706 traderetur.

242 2741 339 2800 LXII.
367 2742 406 2813 Is,
425 2741 479 2798 ubi
502 2741 627 2816 primum
649 2749 843 2816 opportunum
870 2739 933 2812 luit,
955 2738 1128 2817 Jugurtham

206 2833 320 2889 anxium
335 2851 370 2890 ac
388 2833 572 2890 miserantem
594 2831 723 2888 fortunas
739 2849 805 2889 suas
820 2831 949 2890 accedit:
970 2841 1069 2890 monet
1090 2839 1130 2888 at·

204 2940 260 2997 que
273 2923 437 2980 lacrumans
451 2923 619 2993 obtestatur,
634 2929 654 2956 “
664 2921 707 2979 uti
728 2921 882 2998 aliquando
900 2924 955 2982 sibi
973 2923 1129 2997 liberisque

203 3023 234 3071 ct
247 3013 327 3090 genti
340 3012 544 3085 Numidarum,
558 3022 676 3088 optume
697 3015 829 3086 merenti,
847 3015 1013 3089 provideat:
1038 3011 1130 3069 omni·

204 3103 259 3160 bus
271 3103 377 3178 praeliis
390 3121 453 3160 sese
470 3103 573 3174 victos,
589 3121 689 3179 agrum
709 3114 861 3173 vastatum,
875 3103 981 3159 multos
1001 3099 1130 3156 mortalis

205 3203 305 3268 captos
316 3203 365 3250 aut
375 3193 498 3264 occisos,
508 3192 590 3268 regni
601 3210 670 3266 opes
681 3193 874 3249 comminutas
882 3207 962 3246 esse:
977 3187 1046 3244 satis
1055 3205 1130 3263 sepe

210 3283 270 3360 jam
285 3293 314 3340 et
327 3283 462 3340 virtutem
475 3283 611 3349 militum,
626 3289 654 3336 et
665 3281 809 3338 fortunam
820 3286 1003 3352 temptatam:
1021 3289 1130 3352 caveat,

204 3391 253 3445 nc,
268 3373 319 3430 illo
332 3381 498 3443 cunctante,
518 3369 654 3426 Numidae
669 3367 725 3424 sibi
746 3367 926 3425 consulant.”
969 3364 1025 3424 His
1047 3377 1131 3444 atque

204 3463 311 3521 talibus
334 3463 398 3519 aliis
412 3461 447 3518 ad
461 3461 637 3518 deditionem
658 3457 735 3532 regis
756 3457 883 3514 animum
898 3454 1026 3531 impellit.
1065 3458 1132 3518 Mit-

204 3562 305 3615 tuntur
331 3552 366 3608 ad
390 3551 592 3624 imperatorem
605 3547 693 3624 legati
707 3546 757 3626 qui
777 3551 797 3584 “
807 3545 981 3623 ,Iugurtham
994 3547 1134 3628 imperata

444 3638 464 3696 g
474 3639 492 3675 s
