2682 4268
245 339 305 406 106
520 351 685 396 sauuusrrr
706 346 890 394 rnounrnr.

241 517 360 581 possum
373 496 440 556 fidei
454 514 558 554 caussa
572 493 723 570 imagines,
737 509 832 566 neque
845 487 1017 564 triumphos,
1033 498 1086 548 aut
1106 505 1177 547 oona

242 591 353 652 sulatus
366 589 508 664 majorum
528 603 659 645 meorum
676 592 840 652 ostentare:
862 590 901 653 at,
922 580 948 637 si
969 597 1016 638 res
1036 580 1175 658 postulet,

243 681 350 752 hastas,
366 678 512 749 vexillum,
526 677 668 753 phaleras,
684 675 741 732 alia
753 672 890 730 militaria
910 671 1003 740 dona;
1024 681 1175 747 preterea,

244 772 399 832 oieatrioes
426 770 547 828 advorso
575 784 706 842 corpore.
755 763 811 822 He
832 772 900 820 sunt
924 779 997 820 mee
1021 761 1176 838 imagines,

244 865 308 924 heo
321 862 468 932 nobilitas,
483 879 542 918 non
553 858 719 915 hereditate
733 855 846 925 relicta,
857 863 890 911 ut
903 853 955 910 illa
967 852 1034 923 illis,
1046 853 1099 910 sed
1112 869 1176 927 quat

245 973 301 1033 ego
314 954 387 1012 mois
400 951 532 1029 plurimis
555 949 703 1006 laboribus
724 955 754 1004 et
774 943 914 1022 perieulis
935 943 1063 1019 quesivi.
1105 942 1176 1000 Non

245 1060 314 1106 sunt
341 1043 500 1118 oomposita
525 1041 614 1097 verba
640 1055 723 1107 mea:
751 1053 853 1111 parum
881 1034 910 1092 id
936 1033 1031 1102 seoio;
1063 1033 1126 1109 ipsa
1144 1051 1177 1090 se

246 1136 337 1195 virtus
360 1133 430 1191 satis
453 1130 598 1188 ostendit:
628 1128 686 1186 illis
708 1127 832 1184 artifieio
853 1143 926 1201 opus
947 1133 1002 1194 est,
1024 1133 1057 1180 ut
1081 1124 1178 1200 turpia

246 1225 324 1286 faeta
350 1223 480 1280 oratione
507 1229 614 1296 tegant.
668 1217 774 1292 Neque
798 1217 907 1275 litteras
928 1215 1047 1274 Graeoas
1067 1213 1176 1272 didioi:

246 1333 349 1394 perum
375 1313 507 1390 placebat
533 1330 584 1368 eas
608 1309 730 1380 disoere,
757 1308 863 1384 quippe
889 1325 953 1382 quie
978 1306 1015 1363 ad
1042 1305 1178 1364 virtutem

248 1407 417 1466 dootoribus
450 1403 522 1462 nihil
555 1401 734 1478 profuerunt.
789 1401 832 1456 At
865 1398 915 1456 illa
941 1397 1032 1456 multo
1060 1406 1178 1472 optuma

244 1499 416 1575 reipublioae
430 1497 535 1553 doetus
548 1513 631 1563 sum;
654 1495 767 1550 hostem
781 1490 877 1560 ferire,
894 1488 1029 1565 presidia
1050 1488 1177 1564 agitare:

249 1590 323 1649 nihil
338 1598 477 1658 metuere,
499 1585 555 1643 nisi
570 1595 683 1660 turpem
703 1583 827 1652 sarnam:
849 1580 976 1638 hiemem
997 1593 1027 1636 et
1051 1589 1178 1637 estatem

254 1680 337 1758 juxta
355 1680 432 1754 pati;
455 1677 535 1736 huroi
556 1676 753 1751 requiesoere3
775 1673 879 1730 eodem
899 1682 1030 1747 ternpore
1052 1671 1179 1746 inopium

250 1780 281 1830 et
304 1771 433 1828 laborem
454 1769 586 1827 tolerare.
628 1766 685 1824 His
706 1784 762 1842 ego
784 1764 937 1840 preceptis
958 1763 1067 1820 milites
1087 1764 1181 1820 horta·

251 1863 321 1920 bor:
342 1880 436 1938 neque
450 1861 515 1919 illos
530 1870 590 1918 arte
604 1859 709 1930 oolam,
723 1875 770 1914 me
790 1856 959 1931 opulenter3
981 1873 1076 1928 neque
1097 1852 1182 1930 glori·

252 1973 299 2014 sm
314 1972 408 2011 meam
428 1953 557 2010 laborem
578 1951 692 2009 illorum
712 1949 826 2006 laoiam.
868 1947 937 2004 Hos
958 1957 1002 2004 est
1022 1947 1104 2018 utile,
1126 1947 1183 2004 hoo

252 2045 339 2104 uirile
365 2043 526 2119 imperium.
575 2041 721 2116 Namque,
748 2057 837 2116 quum
865 2047 928 2096 tute
951 2057 1004 2114 per
1032 2037 1182 2096 mollitiem

253 2153 332 2211 agas,
347 2135 506 2192 exereitum
521 2132 664 2209 supplieio
689 2149 805 2208 eogere,
826 2130 857 2187 id
878 2139 922 2186 est
941 2129 1103 2201 dominum,
1125 2145 1183 2188 non

254 2223 456 2298 imperatorem
467 2241 539 2278 esse.
581 2222 656 2280 Hno
671 2231 757 2296 atque
771 2221 841 2278 talia
860 2221 985 2296 majores
1006 2219 1094 2278 vestri
1117 2217 1189 2277 faoi·

254 2312 333 2374 undo
347 2331 434 2386 seque
448 2329 566 2386 remque
578 2312 726 2387 publioam
744 2311 942 2369 celebravere:
963 2311 1028 2386 quis
1049 2310 1186 2369 nobilitas

255 2403 337 2473 freta,
358 2402 421 2478 ipsa
440 2394 588 2460 dissimilis
607 2401 746 2473 moribus,
767 2419 821 2458 nos
842 2402 957 2460 illorum
977 2402 1098 2458 emulos
1119 2417 1187 2459 oon·

254 2493 376 2563 temnit3
405 2503 435 2552 et
458 2492 554 2550 omnis
579 2493 707 2550 honores
732 2510 793 2550 non
820 2511 858 2550 ex
884 2492 998 2564 merito,
1025 2493 1078 2548 sed
1105 2491 1186 2568 quasi

255 2585 369 2646 debitos
384 2585 496 2644 arohis
509 2584 620 2659 repetit.
662 2583 801 2642 Ceterum
823 2583 957 2641 homines
977 2583 1187 2659 superbissumi

255 2677 358 2756 prooul
372 2686 476 2736 errant.
518 2674 646 2752 Majores
667 2693 768 2733 eorum
788 2675 888 2732 omnia
907 2695 970 2750 quae
991 2675 1109 2746 urebat,
1131 2673 1187 2733 illis

256 2768 409 2841 reliquere,
423 2767 548 2838 divitias,
570 2766 721 2843 imagines,
742 2767 913 2824 memoriam
933 2767 979 2824 sui
999 2767 1187 2842 preclaram:

255 2857 392 2914 virtutem
405 2875 465 2914 non
485 2857 645 2932 reliquere;
667 2876 762 2932 neque
781 2867 933 2933 poterant:
958 2876 993 2916 ea
1013 2856 1074 2914 sole
1093 2872 1189 2931 neque

256 2945 342 3004 detur
355 2946 443 3016 douo,
464 2963 558 3020 neque
579 2947 731 3022 aoeipitur.
774 2949 931 3007 Sordidum
952 2967 999 3006 me
1019 2959 1048 3004 et
1069 2947 1190 3006 incultis

257 3037 387 3098 moribus
402 3035 491 3108 aiunt,
510 3037 579 3112 quia
597 3057 698 3113 parum
719 3040 793 3096 soite
813 3041 978 3098 convivium
999 3057 1121 3112 exorno,
1140 3055 1190 3096 ne·

257 3149 314 3208 que
334 3128 504 3187 histrionem
526 3128 626 3199 ullum,
649 3148 742 3205 neque
761 3131 853 3205 pluris
866 3131 950 3207 pretii
972 3145 1190 3204 ennumquam

256 3221 399 3292 villicum,
414 3221 528 3290 habeo;
550 3239 614 3294 que
623 3221 694 3278 mihi
703 3221 784 3279 lubet
793 3223 925 3280 eonfiteri
932 3221 1076 3284 Quirites.
1090 3229 1093 3232 “
1111 3219 1190 3278 Nam

258 3331 296 3371 ex
306 3321 427 3388 parente
441 3331 517 3382 meo,
532 3322 561 3368 et
574 3329 611 3368 ex
625 3311 689 3369 aliis
701 3312 810 3370 sanetis
823 3313 892 3370 viris
903 3313 943 3370 ita
955 3313 1067 3388 recepi,
1078 3309 1192 3369 mundi·

259 3403 316 3462 tias
323 3403 503 3474 mulieribus,
513 3402 581 3460 viris
589 3403 718 3460 laborem
727 3405 892 3477 convenire,
902 3404 1095 3479 omnibusque
1107 3400 1196 3460 bonis

259 3502 393 3566 oportere
416 3493 481 3568 plus
502 3492 610 3569 glorie,
624 3513 710 3568 quam
731 3493 896 3552 divitiarum
910 3513 992 3553 esse:
1021 3513 1111 3566 arma,
1133 3509 1193 3551 non

259 3580 470 3661 supellectilem
484 3583 585 3640 deeori
598 3601 670 3642 eme.
709 3583 795 3647 Quin
809 3594 890 3664 ergo,
905 3586 983 3661 quod
1000 3586 1092 3662 juvat,
1114 3581 1195 3662 quod
