2656 4276
482 341 644 383 smnusru
666 343 829 385 cisimus.
1027 368 1035 375 -
1078 325 1121 386 23

191 485 311 562 poribus
342 483 447 541 Romae
474 483 626 553 Lentulus,
653 484 740 541 sicuti
773 483 901 541 Catilina
932 493 1118 558 preceperat,
1173 535 1176 538 Α

193 592 389 651 quoscumque
412 574 541 632 moribus
566 584 614 631 aut
642 575 757 632 fortuna
783 575 865 631 novis
889 575 976 631 rebus
997 574 1119 634 idoneos

193 666 338 738 credebat,
360 675 410 723 aut
433 683 484 740 per
508 683 549 736 se,
573 675 622 724 aut
645 685 696 741 per
719 667 789 722 alios
813 666 1002 735 sollicitabat;
1024 683 1120 741 neque

192 757 286 814 solum
311 757 392 828 civis,
415 756 465 812 sed
489 756 707 831 cujusquemodi
734 775 826 834 genus
853 757 1013 829 hominum,
1039 757 1118 832 quod

193 847 280 904 modo
297 845 399 926 [bello]
415 846 480 903 usui
494 846 574 908 iuret.

233 935 298 994 XL.
333 935 424 1012 Igitur
446 935 477 994 P.
498 937 644 995 Umbreno
675 937 792 994 cuidam
819 937 969 1013 negotium
993 937 1052 1008 dat,
1075 935 1118 994 uti

193 1025 302 1103 legatos
322 1027 511 1104 Allobrogum
532 1029 668 1103 requirat,
688 1045 805 1103 eosque,
823 1027 847 1084 si
867 1027 968 1102 possit,
990 1026 1118 1102 impellat

192 1115 229 1174 ad
259 1117 426 1174 societatem
454 1118 537 1187 belli3
566 1119 753 1189 existumans,
785 1119 901 1194 publice
926 1118 1117 1192 privatimque

191 1221 246 1264 ere
261 1207 354 1266 alieno
366 1225 528 1284 oppressos,
539 1219 687 1282 praeterea,
702 1209 780 1281 quod
794 1219 897 1265 natura
911 1227 982 1284 gens
1002 1208 1118 1266 Gallica

191 1297 329 1356 bellicosa
342 1309 429 1368 esset,
444 1298 529 1354 facile
543 1314 593 1354 cos
609 1297 643 1354 ad
663 1298 721 1354 tale
735 1297 889 1354 consilium
904 1299 1009 1354 adduci
1022 1317 1115 1373 posse.

190 1386 365 1458 Umbrenus,
392 1387 470 1460 quod
498 1387 529 1442 in
560 1387 657 1442 Gallia
685 1387 849 1460 negotiatus
876 1399 947 1456 erat,
974 1387 1118 1460 plerisque

189 1476 373 1554 principibus
400 1474 560 1532 civitatium
586 1485 674 1530 notus
697 1483 767 1543 erat,
798 1484 880 1547 atque
900 1491 951 1530 eos
983 1484 1118 1530 noverat:

191 1566 291 1640 itaque
305 1565 368 1621 sine
386 1581 477 1634 mora,
492 1563 542 1620 ubi
562 1563 687 1638 primum
707 1562 818 1638 legatos
838 1563 870 1621 in
884 1563 945 1622 loro
959 1563 1119 1638 conspexit,

189 1665 398 1733 percunctatus
423 1671 518 1730 pauca
544 1654 582 1710 de
608 1663 682 1710 statu
707 1653 840 1726 civitatis,
862 1664 891 1711 ct
913 1654 994 1728 quasi
1017 1654 1119 1712 dolens

191 1746 254 1822 ejus
268 1763 368 1826 cusum
387 1744 532 1820 roquirere
546 1744 644 1818 cuspit,
667 1750 685 1776 “
700 1763 786 1818 quem
806 1745 914 1801 exitum
934 1745 1022 1802 tantis
1035 1743 1120 1802 malis

191 1834 388 1912 sperarentl”
420 1833 575 1909 Postquam
603 1834 668 1891 illos
697 1834 777 1890 videt
803 1835 914 1908 “queri
940 1834 976 1890 de
1002 1833 1120 1892 avaritia

191 1926 420 2003 magistratuum,
436 1943 572 1982 accusare
583 1935 725 1995 senatum,
740 1925 816 2000 quod
836 1925 866 1981 in
884 1943 921 1982 eo
935 1925 1034 1982 auxilii
1045 1923 1118 1984 nibil

191 2026 285 2084 esset;
306 2015 430 2072 miseriis
444 2015 503 2071 suis
515 2015 674 2072 remedium
695 2025 817 2072 mortem
830 2026 997 2091 exspectare
1008 2035 1014 2072 ε
1024 2017 1041 2044 ”
1058 2021 1077 2048 “
1091 2026 1119 2074 at

191 2107 276 2182 ego,'’
299 2103 403 2179 inquit,
425 2104 543 2175 “vobis,
558 2105 582 2160 si
607 2105 693 2161 modo
714 2105 767 2162 viri
785 2124 847 2163 esse
867 2106 960 2178 voltis,
974 2107 1116 2164 rationem

191 2195 352 2266 ostendam,
375 2213 432 2269 qua
459 2203 539 2252 tanta
562 2195 616 2252 ista
642 2195 718 2252 mala
745 2196 917 2272 effugiatis.''
968 2197 1041 2256 Haec
1066 2197 1117 2256 ubi

111 2332 114 2336 .
192 2284 273 2356 dixit,
284 2284 470 2360 Allobroges,
485 2285 515 2341 in
529 2303 691 2342 maxumam
706 2305 785 2361 spem
798 2286 925 2359 adducti,
936 2288 1117 2345 Umbrenum

192 2391 284 2446 orare,
297 2375 340 2432 uti
354 2375 399 2432 sui
413 2374 612 2432 misereretur:
633 2376 704 2433 nibil
720 2387 778 2434 tam
793 2397 935 2452 asperum,
950 2396 1045 2453 neque
1057 2387 1117 2434 tam

192 2464 309 2523 difficile
327 2483 389 2522 esse
410 2465 486 2539 quod
507 2485 565 2523 non
585 2467 781 2542 cupidissume
802 2467 907 2525 facturi
927 2479 1032 2538 essent,
1047 2468 1118 2524 dum

192 2571 228 2614 ea
240 2573 287 2612 res
300 2555 446 2612 civitatem
459 2574 515 2612 aere
530 2557 625 2613 alieno
638 2557 782 2614 liberaret.
822 2556 877 2612 Ille
891 2575 942 2612 eos
955 2557 985 2610 in
999 2557 1117 2612 domum

193 2643 232 2702 D.
243 2645 326 2702 Bruti
334 2644 481 2720 perducit3
505 2647 582 2721 quod
593 2645 656 2701 soro
669 2644 828 2718 propinqua
839 2653 909 2713 erat,
922 2660 1016 2716 neque
1025 2643 1119 2701 aliens

194 2733 320 2807 consilii,
334 2745 447 2810 propter
458 2735 658 2811 Semproniam
669 2753 676 2803 ;
698 2751 765 2790 nam
779 2743 840 2788 tum
856 2733 963 2790 Brutus
975 2734 1010 2790 ub
1021 2733 1119 2792 Roma

195 2825 301 2883 aberat
341 2825 484 2883 Praeterea
496 2825 654 2883 Gabinium
668 2824 796 2896 arcessit,
812 2843 868 2899 quo
888 2825 979 2902 major
994 2823 1119 2884 auctori-

193 2927 237 2974 tas
257 2915 383 2974 sermoni
397 2915 521 2973 inesset:
546 2934 582 2973 eo
601 2929 742 2992 presente
763 2917 993 2992 conjurationem
1007 2917 1116 2992 aperit3

193 3007 322 3063 nominat
356 3005 460 3076 socios,
494 3015 632 3081 preterea
672 3007 778 3064 multos
819 3008 960 3084 cujusque
1003 3005 1119 3082 generis

192 3095 333 3168 innoxios,
354 3115 411 3170 quo
429 3096 530 3173 legatis
545 3096 657 3154 animus
680 3097 800 3172 amplior
827 3107 919 3165 esset;
941 3094 1047 3151 deinde
1068 3109 1119 3150 eos

191 3186 336 3262 pollicitos
349 3203 465 3262 operam
479 3205 560 3244 suam
575 3187 692 3243 domum
707 3186 834 3242 dimittit.

230 3275 312 3334 XLI.
340 3277 399 3334 Sed
420 3277 594 3352 Allobroges
615 3275 665 3332 diu
687 3276 718 3332 in
744 3277 856 3332 incerto
882 3273 1020 3342 habuere,
1039 3271 1120 3345 quid·

187 3385 256 3428 nam
276 3367 393 3427 consilii
411 3377 557 3443 caperent.
598 3365 634 3421 Ιιι
649 3365 737 3422 altera
749 3373 830 3438 parte
850 3373 911 3419 erat
925 3380 964 3419 aes
983 3361 1118 3438 alienun,

185 3461 316 3520 studium
344 3458 425 3529 belli,
446 3477 552 3536 magna
579 3472 691 3514 merces
718 3454 749 3511 in
771 3471 821 3528 spe
852 3453 996 3512 victorie:
1031 3465 1060 3513 st
1086 3454 1118 3513 in

184 3553 278 3614 altera
301 3550 429 3626 majores
447 3567 528 3626 opes,
542 3558 605 3606 tuta
624 3545 757 3619 consilia,
770 3563 823 3622 pro
840 3545 950 3605 incerta
970 3565 1021 3622 spe
1038 3553 1119 3603 certa
