2682 4268
265 359 328 424 let
543 378 708 424 amcam
732 377 912 422 mucosus.

302 517 416 578 CXIII.
445 517 520 578 Haeo
540 517 663 580 Maurus
676 539 776 578 secum
796 519 859 596 ipse
879 519 929 576 diu
941 519 1062 578 volvens
1075 521 1191 584 tandem

261 611 409 688 promisit;
431 620 560 670 ceterum
579 610 657 684 dolo,
672 631 708 671 an
725 629 792 670 vere
813 618 976 682 oumtatus,
993 629 1097 686 parum
1116 632 1192 672 com·

260 701 396 778 perimus.
447 701 509 762 Sed
535 702 704 778 plerumque
732 701 820 778 regim
842 701 1014 774 voluntates,
1035 704 1079 760 uti
1109 704 1191 782 vehe-

261 803 382 864 mentes,
404 792 448 850 ric
471 793 602 865 mobiles,
617 811 693 868 sepe
716 792 785 868 ipse
803 791 868 858 effi
896 791 1034 850 advorsa.
1076 794 1189 868 Postea,

261 891 391 959 tempore
414 892 443 942 et
467 883 534 942 loeo
554 883 722 956 constituto,
745 881 777 940 in
796 876 975 955 colloquium
995 883 1038 939 uti
1059 884 1096 940 de
1120 901 1189 960 pace

261 973 416 1046 veniretur,
435 973 572 1031 Bocchus
592 974 703 1032 Sullam
723 971 820 1043 modo,
835 972 922 1028 modo
941 971 1095 1048 Iugurtha
1115 974 1189 1051 lega·

260 1072 322 1122 tum
344 1062 497 1137 adpellare,
518 1063 643 1139 aenigne
663 1063 780 1134 lasere,
795 1062 871 1122 uem
892 1061 1032 1120 ambolus
1047 1048 1187 1138 potueri.

259 1151 305 1210 Illi
319 1151 425 1227 pariter
439 1152 508 1224 laeti,
524 1170 558 1210 ac
572 1152 633 1228 spei
654 1153 737 1210 bona
755 1153 834 1228 pleni
855 1169 926 1212 esse.
968 1153 1028 1210 Sed
1041 1165 1130 1212 noete
1143 1173 1187 1228 ea,

259 1259 322 1318 quae
333 1259 473 1318 proxuma
483 1241 537 1299 fuit
552 1242 710 1302 antediem
720 1241 868 1317 colloquio
881 1242 1041 1315 decretum,
1056 1243 1187 1316 Maurus,

260 1331 396 1392 adhibitis
419 1332 529 1404 amicis,
552 1351 587 1390 ao
606 1333 702 1412 satim
726 1333 877 1394 immutata
900 1331 1048 1390 voluntate
1070 1335 1188 1392 remotis

259 1423 375 1496 ceteris,
391 1423 497 1482 dicitur
511 1441 611 1482 secum
632 1424 694 1500 ipse
714 1422 836 1480 multum
857 1422 1019 1499 agitavisse,
1034 1423 1113 1480 voltu
1127 1441 1188 1482 eor·

186 1503 190 1512 ⁴
257 1515 337 1590 poris
356 1515 473 1590 pariter,
494 1523 581 1589 atque
601 1513 698 1572 animo
717 1513 830 1570 varius:
851 1531 925 1587 quae,
940 1512 1054 1572 scilieet
1074 1523 1188 1575 tacente

258 1603 332 1680 ipso,
358 1605 475 1668 occulta
506 1604 634 1680 pectoris
669 1603 849 1680 patefecisse.
896 1601 1012 1662 Tamen
1042 1614 1187 1679 postremo

218 1739 223 1746 -
257 1694 371 1754 Sullam
386 1694 517 1754 arcessiri
527 1695 619 1770 jubet,
635 1703 664 1752 et
685 1711 722 1752 ex
742 1694 804 1770 ejus
824 1693 968 1751 sententia
988 1693 1126 1752 Numida
1147 1695 1187 1752 iu·

257 1784 346 1844 sidias
356 1786 458 1844 tendit.
499 1784 624 1856 Deinde,
639 1783 689 1844 ubi
703 1783 766 1842 dies
780 1783 906 1855 advenit,
925 1792 955 1840 et
967 1783 995 1842 ei
1016 1785 1186 1844 nunciatum

257 1887 312 1950 est,
327 1876 500 1954 Iugurtham
524 1875 601 1935 haud
620 1875 723 1951 procul
748 1875 857 1946 abesse,
873 1891 941 1933 oum
961 1875 1062 1950 paucis
1086 1875 1186 1934 micis

252 1975 287 2028 ‘et
300 1978 442 2044 questore
455 1975 564 2038 nostro,
579 1965 661 2042 quasi
680 1965 782 2024 obvius
795 1964 914 2024 honoris
928 1983 1038 2037 caussa,
1051 1966 1186 2040 procedit

257 2058 288 2116 in
318 2057 472 2130 tumulum,
506 2056 686 2117 facillumum
708 2055 772 2116 risu
804 2055 1016 2116 insidiantibus.
1071 2056 1184 2116 Eodem

256 2143 388 2205 Numida
401 2166 469 2206 eum
486 2145 632 2223 plerisque
645 2145 817 2208 necessariis
833 2145 902 2220 suis,
916 2146 1055 2220 inermus,
1068 2147 1112 2208 uti
1126 2147 1184 2204 dio·

255 2243 402 2308 tumeret,
418 2235 550 2306 accedit;
572 2253 607 2294 ac
630 2237 736 2310 statim,
750 2237 836 2315 signo
856 2238 935 2309 dato,
949 2238 1079 2314 undique
1099 2237 1182 2297 slmul

255 2343 292 2384 ex
305 2325 419 2386 insidiis
440 2324 592 2384 invaditur.
633 2326 733 2385 Ceteri
753 2327 934 2386 obtruncati:
955 2327 1101 2406 Iugurtha
1120 2327 1184 2386 Sul·

254 2415 290 2476 1ae
304 2417 418 2477 vinctus
431 2415 564 2491 traditur,
575 2425 604 2476 et
618 2416 703 2476 abeo
718 2418 753 2477 ad
767 2417 895 2476 Marium
906 2416 1049 2476 deductus
1059 2428 1111 2480 est
1164 2424 1170 2437 “

294 2507 406 2570 CXIV.
427 2509 483 2570 Per
498 2508 575 2567 idem
595 2517 708 2585 tempus
723 2509 874 2568 advorsum
888 2507 989 2568 Gallos
1009 2509 1046 2567 ab
1059 2508 1183 2570 ducibus

254 2601 370 2673 nostris,
381 2589 422 2663 CI.
435 2599 575 2676 Cepione
588 2609 617 2658 et
637 2599 680 2658 M.
694 2598 817 2673 Manlio,
832 2599 908 2659 male
926 2609 1103 2678 pugnatum3
1125 2614 1183 2677 quo

254 2702 333 2749 metu
353 2689 438 2750 Italia
452 2692 547 2750 omnis
567 2698 787 2750 contremuerat.
829 2689 934 2766 Illique
947 2699 986 2760 et,
1001 2690 1070 2748 inde
1091 2707 1182 2766 usque

255 2781 291 2837 ad
305 2789 432 2836 nostram
445 2781 625 2852 memoriam,
639 2780 769 2840 Romani
785 2781 828 2839 sio
842 2780 969 2839 habuere
974 2800 982 2851 ;
1004 2779 1061 2838 alia
1084 2781 1183 2855 omniq

253 2867 351 2924 virtuti
368 2885 427 2924 suae
446 2886 539 2943 prona
559 2887 639 2940 esse;
660 2889 728 2928 cum
746 2871 839 2930 Gallis
861 2887 915 2947 pro
933 2872 1034 2942 salute,
1049 2887 1110 2928 non
1129 2888 1182 2946 pro

253 2955 346 3036 gloria
363 2965 481 3014 certare.
525 2957 593 3030 Sed,
607 2967 758 3034 postquam
772 2961 879 3020 bellum
897 2961 928 3018 in
952 2959 1095 3018 Numidia
1114 2978 1182 3018 oon·

227 3107 233 3114 ,
252 3045 372 3120 fectum,
381 3057 410 3108 et
424 3045 597 3125 Iugurtham
610 3048 740 3108 vinctum
752 3048 858 3108 adduci
869 3049 997 3112 Romam
1009 3047 1181 3111 nunciatum

205 3168 208 3177 ·
252 3150 306 3212 est,
331 3138 443 3198 Marius
466 3138 568 3199 consul
591 3139 694 3198 absens
716 3139 809 3198 factus
822 3149 867 3197 est
880 3147 909 3198 et
929 3139 958 3198 ei
979 3137 1099 3198 decreta
1117 3155 1182 3216 pro·

252 3229 349 3290 vincia
371 3229 483 3288 Gallia:
512 3229 595 3306 isque
615 3229 757 3289 Kalendis
785 3228 933 3288 Ianuariis
955 3246 1062 3306 magna
1089 3229 1183 3307 gloria

253 3319 364 3380 Consul
385 3320 579 3396 trIumphavit
622 3319 669 3383 Ex
689 3337 726 3382 ea
738 3328 908 3399 tempestate
926 3337 992 3398 spes
1010 3329 1098 3396 atque
1111 3335 1182 3398 opas

252 3409 376 3472 civitatis
390 3411 421 3472 in
434 3410 485 3472 illo
498 3411 568 3473 sitae.
