2656 4276
244 370 287 434 82
522 382 685 425 amusan
706 379 885 423 moueant.

244 529 357 600 bantur,
378 544 472 602 neque
497 521 599 582 cdntra
627 521 761 593 feriundi,
782 530 831 578 aut
858 518 1030 578 conserendi
1053 537 1173 580 manum

244 619 330 695 copia
350 628 419 676 erat.
472 617 551 674 Ante
569 615 627 690 jam
649 613 728 670 docti
749 613 786 668 ab
806 610 952 687 Jugurtha
972 610 1097 684 equites,
1112 611 1172 670 ubi·

243 727 368 784 cumque
382 708 584 764 Romanorum
601 715 696 761 turma
705 702 817 776 insequi
832 710 969 776 coeperat,
984 719 1045 757 non
1059 702 1172 760 conser-

244 800 306 871 tim,
321 817 414 874 neque
429 799 458 855 in
473 815 563 854 unum
577 813 640 852 sese
654 793 842 869 recipiebant,
854 792 905 848 sed
920 791 993 848 alius
1008 791 1063 848 alio
1083 809 1171 866 quam

244 907 378 948 maxume
391 888 505 945 divorsi.
546 886 592 942 Ita
605 902 726 942 numero
743 883 863 958 priores,
878 881 903 937 si
917 883 953 938 ab
970 882 1170 956 persequendo
1247 921 1256 933 ,

243 980 334 1039 hostis
365 980 508 1037 deterrere
540 975 737 1050 nequiverant,
764 972 900 1048 disjectos
927 972 965 1028 ab
996 982 1089 1047 tergo,
1123 983 1170 1034 aut

245 1069 383 1129 lateribus
405 1065 688 1125 circumveniebant:
717 1063 762 1120 sin
779 1061 966 1136 opportunior
981 1061 1056 1137 sagae
1079 1062 1168 1136 collis,

244 1179 330 1234 quam
352 1159 445 1233 campi
469 1158 570 1227 suerat,
585 1173 620 1212 ea
642 1173 709 1210 vero
733 1151 867 1210 consueti
888 1151 1084 1208 Numidarum
1104 1153 1169 1228 equi

244 1249 330 1307 facile
353 1249 426 1305 inter
444 1247 569 1323 virgulta
589 1245 726 1314 evadere3
747 1253 862 1300 nostros
883 1243 1020 1318 asperitas
1041 1255 1072 1300 et
1096 1244 1169 1301 inso-

244 1338 335 1398 lentia
349 1339 407 1396 loci
421 1339 571 1396 retinebat.

285 1430 334 1488 LI.
362 1430 499 1487 Ceterum
521 1427 610 1485 facies
624 1427 713 1485 totius
726 1426 836 1502 negotii
855 1425 942 1496 varia,
958 1425 1080 1496 incerta,
1096 1425 1169 1484 foeda

246 1530 331 1596 atque
341 1519 529 1578 miserabilis:
550 1518 670 1594 dispersi
683 1517 768 1574 asuis
779 1536 845 1592 pars
855 1517 970 1587 cedere,
980 1516 1028 1573 alii
1040 1516 1168 1591 insequi:

245 1629 339 1685 neque
366 1612 458 1686 signa,
485 1628 579 1684 neque
606 1609 722 1665 ordines
749 1608 916 1664 observare:
949 1607 1000 1664 ubi
1027 1625 1168 1682 quemque

243 1700 405 1777 periculum
433 1709 558 1775 ceperat,
583 1699 623 1755 ibi
649 1699 781 1756 resistere
801 1716 835 1754 ac
861 1697 1048 1773 propulsare:
1081 1717 1167 1770 arma,

245 1790 311 1862 tela,
321 1790 397 1866 equi,
406 1790 469 1861 viri,
479 1791 575 1847 hostes
591 1800 675 1864 atque
689 1789 767 1846 cives
780 1788 929 1864 permixti:
950 1788 1023 1845 nihil
1035 1789 1167 1860 consilio,

245 1899 339 1956 neque
358 1881 478 1956 imperio
492 1881 555 1956 agi:
577 1879 636 1937 fors
657 1880 755 1936 omnia
775 1897 883 1955 regere.
925 1876 1028 1952 Itaque
1046 1880 1167 1936 multum

245 1971 303 2029 diei
313 1981 501 2047 processerat,
516 1989 604 2044 quum
619 1970 704 2027 etiam
719 1980 780 2025 tum
794 1979 913 2027 eventus
927 1969 958 2026 in
972 1970 1085 2027 incerto
1099 1979 1165 2028 erat

245 2061 379 2135 Denique
393 2062 527 2118 omnibus
546 2061 645 2118 labore
659 2071 688 2118 et
702 2070 771 2118 aestu
790 2059 945 2136 languidis,
961 2059 1099 2118 Metellus
1120 2060 1166 2119 ubi

244 2151 323 2208 videt
336 2152 479 2209 Numidas
494 2153 588 2208 minus
605 2152 721 2221 instare,
735 2151 883 2226 paullatim
906 2151 1012 2207 milites
1033 2152 1064 2208 in
1079 2169 1166 2210 unum

245 2240 391 2311 conducit,
403 2242 519 2297 ordines
533 2243 666 2311 restituit,
679 2253 708 2298 et
718 2241 851 2299 cohortes
861 2241 1035 2318 legionarias
1046 2253 1166 2316 quatuor

244 2330 395 2388 advorsum
416 2331 526 2404 pedites
548 2331 672 2388 hostium
695 2331 836 2390 collocat:
858 2351 958 2389 eorum
978 2351 1085 2408 magna
1103 2351 1167 2410 pars

244 2420 439 2496 superioribus
452 2421 525 2478 locis
540 2421 614 2478 sessa
625 2423 801 2480 consederat.
844 2423 1043 2496 Simulorare,
1060 2423 1167 2482 hortari

244 2511 359 2582 milites
382 2518 448 2568 “ne
466 2491 636 2584 delicerent,
659 2532 716 2570 neu
736 2525 901 2589 paterentur
920 2515 1011 2571 hostis
1025 2515 1167 2592 fugientes

243 2603 382 2662 vincere:
414 2622 508 2677 neque
535 2604 591 2660 illis
620 2614 713 2661 castra
737 2623 810 2676 esse,
838 2623 932 2679 neque
956 2607 1167 2666 munimentum

244 2693 344 2764 ullum,
370 2713 426 2767 quo
449 2696 585 2751 cedentes
606 2695 776 2751 tenderent:
802 2695 831 2750 in
854 2695 939 2752 armis
963 2696 1061 2754 omnia
1085 2697 1164 2755 sita.”
1197 2704 1205 2718 ¹

244 2784 302 2841 Sed
318 2803 354 2839 ne
365 2784 509 2858 iugurtha
522 2786 638 2859 quidem
653 2785 762 2842 interea
776 2787 889 2860 quietus
903 2796 980 2843 erat:
1002 2787 1164 2859 circumire,

244 2873 361 2942 hortari,
383 2891 521 2930 renovare
534 2875 673 2948 praelium,
688 2887 717 2932 et
732 2877 793 2951 ipse
807 2896 874 2933 cum
893 2877 1014 2934 delectis
1028 2888 1165 2954 temptare

242 2959 355 3019 omnia:
390 2963 541 3019 subvenire
571 2964 640 3034 suis,
669 2966 799 3022 hostibus
830 2967 925 3024 dubiis
949 2968 1066 3042 instare,
1095 2987 1164 3045 quos

242 3051 340 3110 firmos
355 3063 537 3130 cognoverat,
553 3053 665 3110 eminus
678 3057 835 3131 pugnando
848 3058 980 3117 retinere.

283 3142 348 3200 LII.
378 3141 422 3199 Εο
444 3143 530 3200 modo
554 3143 627 3201 inter
644 3163 675 3201 se
696 3146 754 3204 duo
774 3147 969 3222 imperatores,
984 3149 1089 3207 summi
1104 3149 1164 3221 viri,

243 3236 408 3304 certabant3
431 3234 484 3309 ipsi
504 3253 597 3309 pares,
613 3246 742 3293 ceterum
755 3238 859 3313 opibus
877 3239 1047 3313 disparibus.
1089 3239 1165 3298 Nam
1233 3271 1234 3274 ¹

243 3322 363 3382 Metello
382 3325 471 3382 virtus
492 3325 615 3383 militum
637 3337 708 3399 erat,
727 3328 810 3386 locus
831 3329 986 3386 advorsus:
1016 3329 1165 3407 Jugurtha

243 3413 300 3470 alia
310 3415 417 3486 omnia,
428 3426 529 3490 preter
543 3417 658 3489 milites,
670 3428 839 3493 opportuna
881 3419 1016 3494 Denique
1028 3419 1165 3492 Romani,

242 3501 293 3556 ubi
320 3502 499 3579 intellegunt,
526 3525 620 3580 neque
648 3507 703 3565 sibi
724 3507 888 3584 perfugium
913 3527 986 3580 esse,
1012 3529 1108 3586 neque
1132 3511 1167 3572 ab

242 3586 326 3646 hoste
340 3593 453 3665 copiam
473 3597 623 3671 pugnandi
643 3597 722 3668 fieri3
749 3595 792 3675 (et
808 3597 869 3673 jam
884 3599 932 3656 die
952 3619 1053 3678 vesper
1073 3603 1166 3682 erat;)
