2682 4268
490 303 655 346 sunusrrr
675 303 854 348 morianna.
1083 285 1142 347 121

215 443 354 508 mandata
375 444 487 504 Bocchi
510 445 707 522 patefaciunt:
738 445 824 503 simul
849 445 886 502 ab
909 461 945 502 eo
967 454 1080 520 petunt,
1100 445 1143 504 ati

216 537 311 598 fautor
325 536 529 610 consultorque
540 536 596 594 sibi
611 535 701 594 adsit:
724 537 832 612 copias,
853 536 949 608 fidem,
970 536 1143 614 magnitudi-

215 645 282 686 nem
296 627 373 703 regis
387 626 442 698 sui,
463 637 493 683 et
513 627 578 696 elia,
599 645 662 701 quae
685 637 733 684 aut
754 627 845 697 utilia,
866 636 915 684 aut
935 627 1142 686 benevolentia

216 735 280 776 esse
306 717 473 788 credebant,
501 718 632 774 oratione
659 717 816 774 extollunt:
850 717 918 776 dein
940 718 1022 776 Sulla
1044 718 1142 776 omnia

214 809 354 884 pollicito,
382 809 471 880 docti,
500 826 557 882 quo
584 806 671 866 modo
699 807 774 882 apud
801 807 937 880 Marium,
965 808 1034 866 item
1066 807 1141 883 apud

215 910 348 960 senatum
362 899 450 958 verba
463 899 602 970 lacerent,
617 898 733 956 circiter
748 899 810 956 dies
824 898 1013 976 quadraginta
1033 898 1140 956 ibidem

214 990 409 1067 opperiuntur.

254 1080 334 1138 CIV.
358 1080 469 1142 Marius
482 1091 632 1160 postquam
643 1079 752 1142 inlecto
760 1079 888 1161 negotio,
898 1100 956 1158 quo
967 1079 1139 1154 intenderat,

214 1171 327 1229 Cirtam
341 1173 434 1244 redit;
456 1171 493 1232 de
508 1175 631 1232 adventu
645 1176 805 1252 legatorum
820 1174 926 1232 certior
947 1174 1049 1245 factus,
1064 1173 1140 1232 illos·

203 1276 270 1336 'que
284 1272 313 1320 et
327 1263 437 1320 Sullam
451 1265 549 1320 venire
560 1265 652 1338 jubet,
667 1265 737 1322 item
757 1265 791 1322 L.
806 1265 968 1322 Bellienum
975 1264 1138 1327 ,Praetorem

184 1367 186 1375 ¹
213 1350 310 1424 Utica,
324 1362 464 1427 praeterea
477 1370 578 1408 omnes
591 1354 719 1426 undique
733 1353 870 1410 senatorii
890 1352 1009 1422 ordinis,
1023 1353 1139 1427 quibus-

212 1462 281 1502 cum
296 1443 432 1501 mandata
445 1443 558 1500 Bocchi
572 1442 731 1520 cognoscit
773 1443 890 1520 Legatis
903 1452 1030 1518 potestas
1050 1443 1140 1502 eundi

212 1532 342 1592 Romam
355 1533 388 1590 fit
410 1533 446 1590 ab
471 1533 609 1590 consule:
631 1532 743 1590 interea
763 1531 889 1589 induciae
912 1531 1138 1608 postulabantur.

213 1623 259 1682 Ea
281 1623 369 1682 Sullae
392 1633 423 1682 et
443 1619 587 1700 plerisque
610 1622 766 1699 placuere:
787 1622 874 1699 pauci
895 1621 1020 1680 ferocius
1041 1622 1140 1680 decer·

212 1724 297 1786 nunt,
324 1713 438 1772 scilicet
464 1714 558 1792 ignari
581 1713 771 1770 humanarum
792 1731 899 1785 rerum,
920 1732 984 1789 qua
1005 1713 1089 1772 fluxae
1109 1725 1139 1774 et

212 1805 336 1864 mobiles
349 1823 461 1882 semper
482 1805 513 1862 in
535 1805 655 1862 advorsa
675 1814 831 1863 mutantur.
873 1805 1010 1862 Ceterum
1031 1803 1138 1878 Mauri,

212 1895 373 1971 impetratis
399 1896 544 1968 omnibus,
571 1906 630 1954 tres
663 1895 790 1954 Romam
824 1895 947 1972 profecti
981 1914 1048 1954 cum
1082 1893 1137 1956 Cn.

212 1986 341 2044 Octavio
355 1986 447 2058 Ruso,
461 1986 511 2060 qui
525 1986 700 2061 stipendium
714 1986 745 2045 in
766 1986 898 2046 Africam
920 1985 1137 2062 adportaverat;

210 2075 273 2133 duo
288 2074 324 2132 ad
337 2093 435 2152 regem
455 2075 585 2134 redeunt.
626 2075 673 2134 Ex
695 2077 740 2134 his
762 2078 898 2137 Bocchus
919 2096 1008 2154 quum
1030 2088 1137 2152 cetera,

211 2175 275 2224 turn
308 2183 442 2224 maxume
475 2166 681 2244 benignitatem
708 2178 738 2226 et
764 2169 891 2228 studium
919 2169 1007 2228 Sullae
1033 2170 1138 2228 lubens

212 2255 335 2331 accepit.
376 2255 480 2316 Romae
493 2257 596 2334 legatis
609 2258 681 2335 ejus,
695 2270 846 2336 postquam
859 2279 969 2318 errasse
988 2279 1088 2338 regem
1108 2270 1138 2319 et

211 2344 363 2421 Jugurtbae
389 2347 499 2404 scelere
522 2349 633 2424 lapsum
657 2350 803 2425 deprecati
826 2361 904 2423 suut,
930 2351 1087 2408 amicitiam
1107 2359 1138 2409 et

212 2435 306 2494 foedus
319 2437 484 2512 petentibus
503 2437 560 2496 hoc
581 2437 668 2494 modo
691 2439 887 2514 respondetur.
930 2441 1087 2498 “Senatus
1107 2449 1137 2498 et

210 2526 335 2604 populus
349 2527 503 2584 Romanus
517 2526 652 2584 beneficii
665 2537 695 2584 et
715 2527 826 2602 injurie
841 2545 950 2585 memor
970 2546 1032 2585 esse
1046 2529 1134 2599 solet;

211 2627 340 2674 ceterum
353 2615 484 2686 Boccho,
497 2616 634 2690 quoniam
647 2616 777 2692 poenitet,
791 2616 891 2673 delicti
904 2617 1025 2694 gratiam
1046 2617 1135 2676 fecit:

210 2706 303 2764 fredus
318 2716 347 2765 et
362 2705 490 2764 amicitia
503 2706 656 2778 dabuntur,
672 2725 760 2781 quum
773 2707 937 2765 meruerit.”

249 2798 314 2856 CV.
341 2797 420 2860 Quis
433 2798 519 2856 rebus
529 2796 664 2873 cognitis,
676 2796 812 2856 Bocchus
824 2816 875 2874 per
888 2797 998 2856 litteras
1010 2817 1026 2856 a
1040 2797 1136 2860 Mario

208 2887 320 2965 petivit,
346 2887 390 2946 uti
413 2888 524 2946 Sullam
549 2888 585 2946 ad
611 2907 642 2946 se
669 2889 813 2960 mitteret3
835 2887 917 2967 cujus
940 2890 1077 2948 arbitratu
1098 2891 1135 2950 de

208 2978 412 3036 communibus
425 2979 550 3056 negotiis
563 2980 769 3038 consuleretur.
812 2979 843 3038 Is
856 2981 960 3040 missus
981 3001 1048 3040 cum
1063 3000 1135 3057 prae·

207 3068 284 3126 sidio
311 3069 439 3144 equitum
468 3079 552 3144 atque
577 3071 717 3146 peditum,
746 3071 923 3129 funditorum
951 3072 1132 3131 Balentium:

206 3168 347 3235 praeterea
372 3160 513 3236 sagittarii
539 3170 569 3216 et
595 3159 701 3218 cohors
727 3160 848 3238 Peligna
875 3180 943 3218 cum
967 3158 1134 3240 velitaribus

208 3249 306 3321 umis,
320 3249 431 3308 itineris
443 3247 616 3326 properandi
631 3267 733 3306 caussa
744 3268 751 3306 :
772 3265 866 3323 neque
879 3249 926 3307 his
938 3268 1033 3320 secus,
1049 3259 1134 3323 atque

207 3339 274 3398 aliis
287 3341 385 3413 armis,
399 3340 549 3398 advorsum
571 3337 628 3396 tela
649 3338 785 3410 hostium,
810 3339 887 3412 quod
907 3357 942 3396 ea
960 3339 1035 3396 levia
1055 3350 1132 3414 sunt,

205 3429 321 3490 muniti.
364 3430 424 3488 Sed
437 3430 467 3488 in
481 3429 594 3500 itinere,
609 3428 710 3502 quinto
724 3426 849 3501 denique
862 3428 920 3500 die,
934 3425 1040 3502 Volux,
1055 3429 1132 3490 lilius

207 3519 331 3593 Bocchi,
345 3529 462 3595 repente
476 3519 507 3578 in
521 3518 631 3596 campis
643 3518 807 3594 patentibus
821 3537 889 3578 cum
902 3518 980 3580 mille
1000 3539 1060 3582 non
1074 3538 1133 3582 am·

446 3610 481 3666 ll
