2656 4276
490 304 655 348 samusun
675 305 854 348 mannans.
1092 285 1135 350 6¹1

206 447 336 510 studium
348 445 517 522 reipublice
531 446 630 504 omnia
643 456 772 521 superet,
794 463 863 522 opes
878 445 1023 516 factionis,
1043 456 1137 506 vestra

209 538 357 615 patientia,
368 538 416 614 jus
429 536 550 607 nullum,
567 555 601 593 ac
615 555 758 606 maxume,
779 536 856 610 quod
876 537 1051 594 innocentie
1070 538 1136 613 plus

207 628 340 704 periculi,
368 646 455 702 quam
482 627 609 698 honoris,
636 636 688 684 est.
732 626 809 684 Nam
836 627 886 685 illa
912 627 1028 702 quidem
1055 629 1136 704 piget

208 718 316 790 dicere,
330 719 377 775 his
392 718 474 774 annis
487 718 654 792 quindecim
668 735 755 792 quam
767 717 893 776 ludibrio
906 719 1018 776 fueritis
1038 737 1136 794 super·

208 808 265 866 biae
285 827 445 882 paucorum
459 828 466 877 ;
481 827 565 882 quam
579 808 663 878 loede,
677 827 820 884 quamque
831 808 916 865 inulti
925 809 1064 883 perierint
1074 829 1135 868 ves·

209 899 248 955 tri
262 899 427 956 defensores
435 919 442 968 3
464 909 495 954 ut
508 899 588 954 vobis
603 899 716 956 animus
731 900 766 954 ab
780 898 895 974 ignavia
907 909 991 973 atque
1002 899 1136 958 socordia

210 1000 363 1063 corruptus
385 989 431 1060 sit,
454 988 503 1063 qui
526 1007 564 1048 ne
585 1007 664 1046 nunc
689 989 817 1062 quidem,
832 989 973 1045 obnoxiis
997 989 1134 1062 inimicis,

209 1079 371 1155 exsurgitis,
386 1090 470 1154 atque
494 1080 582 1136 etiam
604 1099 684 1140 nunc
708 1079 817 1137 timetis
840 1097 900 1150 cos,
925 1079 1030 1153 quibus
1051 1079 1136 1138 decet

209 1169 308 1226 terrori
335 1189 407 1226 esse.
462 1170 531 1240 Sed,
559 1188 731 1244 quamquam
756 1169 819 1227 haec
845 1170 915 1226 talia
938 1180 1014 1240 sunt,
1036 1181 1133 1228 tamen

209 1259 321 1316 obviam
336 1260 378 1316 ire
392 1260 529 1316 factionis
541 1260 678 1332 potentiae
700 1260 812 1316 animus
832 1260 957 1336 subigit:
979 1271 1058 1317 certe
1079 1277 1135 1337 ego

207 1347 381 1419 libertatem,
396 1367 459 1421 quae
474 1348 546 1403 mihi
561 1357 707 1420 aparente
721 1365 787 1403 meo
800 1349 905 1404 tradita
922 1359 965 1404 est
985 1351 1134 1423 experiar:

208 1457 310 1496 verum
325 1438 355 1493 id
369 1437 483 1504 frustra,
500 1453 536 1490 an
550 1435 587 1490 ob
601 1452 662 1489 rem
676 1433 790 1503 faciam,
802 1434 833 1490 in
845 1443 940 1490 vestra
952 1455 1039 1491 manu
1050 1438 1137 1495 situm

209 1536 264 1597 est,
278 1525 420 1586 Quirites.
462 1523 568 1598 Neque
582 1541 637 1598 ego
650 1540 701 1578 vos
715 1522 823 1592 hortor,
837 1523 913 1597 quod
928 1543 1002 1598 saepe
1016 1525 1138 1599 majores

209 1615 297 1674 vestri
311 1615 417 1685 fecere,
439 1623 471 1670 ut
492 1623 593 1670 contra
613 1611 733 1687 injurias
755 1611 854 1670 armati
875 1613 954 1670 eatis.
995 1614 1079 1671 Nihil
1100 1615 1138 1688 ri,

210 1706 283 1764 nihil
299 1705 466 1762 secessione
480 1723 553 1779 opus
566 1714 626 1761 est:
648 1721 768 1760 necesse
782 1713 826 1760 est
845 1713 958 1761 suomet
980 1705 1035 1779 ipsi
1058 1723 1139 1766 mora

208 1796 372 1874 precipites
386 1805 461 1852 eant.
503 1793 613 1851 Occiso
627 1793 750 1850 Tiberio
763 1795 909 1866 Graccho,
921 1814 1006 1869 quem
1016 1813 1139 1871 regnum

209 1905 310 1963 parare
324 1885 448 1957 aiebant,
471 1886 500 1942 in
520 1885 633 1960 plebem
656 1884 820 1942 Romanam
841 1884 1013 1958 questiones
1034 1885 1138 1944 habitat

210 1985 296 2032 sunt:
316 1986 382 2049 post
395 1975 429 2032 C.
444 1974 571 2032 Gracchi
586 1984 615 2032 et
636 1973 677 2030 M.
700 1973 796 2030 Fulvii
815 1974 937 2046 caedem,
959 1975 1027 2033 item
1051 1974 1138 2036 vestri

210 2064 323 2122 ordinis
336 2064 419 2120 multi
433 2063 568 2120 mortales
581 2064 611 2120 in
625 2082 742 2122 carcere
762 2065 858 2122 necati
879 2075 965 2123 sunt:
987 2067 1137 2150 utriusque

211 2153 303 2212 cladis
324 2172 384 2210 non
403 2152 460 2224 lex,
480 2172 578 2210 verum
598 2153 698 2210 lubido
723 2173 823 2212 eorum
847 2155 934 2212 linem
956 2156 1033 2214 fecit.
1077 2155 1136 2214 Sed

210 2262 280 2302 sane
294 2243 382 2302 fuerit
396 2243 478 2320 regni
491 2244 613 2319 paratio,
633 2244 711 2320 plebi
732 2265 784 2304 sua
803 2246 975 2304 restituere:
996 2246 1137 2322 quicquid

211 2334 273 2392 sine
300 2334 441 2410 sanguine
461 2334 568 2392 civium
589 2335 691 2391 ulcisci
712 2337 857 2410 nequitur,
874 2337 939 2412 jure
960 2338 1069 2394 factum
1089 2335 1135 2396 sit.

211 2424 414 2499 Superioribus
436 2425 517 2482 annis
537 2425 619 2482 taciti
640 2425 878 2500 indignabamini,
906 2427 1038 2483 serarium
1060 2424 1138 2499 expi-

210 2511 263 2571 lari
274 2535 281 2583 ;
302 2533 385 2592 reges
406 2524 435 2573 et
454 2515 577 2590 populus
596 2515 703 2570 liberos
722 2515 824 2587 paucis
845 2513 991 2569 nobilibus
1011 2511 1137 2588 vectigal

210 2604 335 2678 pendere
346 2625 354 2674 ;
375 2623 464 2679 penes
478 2604 594 2660 eosdem
610 2613 639 2659 et
652 2621 792 2658 summam
804 2602 935 2677 gloriam,
947 2611 976 2657 et
989 2607 1138 2662 mirumst

212 2693 326 2752 divitias
346 2713 427 2752 esse:
448 2705 545 2750 tamen
566 2693 629 2748 baec
649 2691 719 2747 talia
742 2690 871 2750 facinora
898 2691 1015 2766 impunc
1041 2709 1138 2752 susce·

211 2782 297 2858 pisse,
317 2803 419 2861 parum
444 2784 589 2840 habuere:
617 2780 714 2856 itaque
733 2791 878 2857 postremo
892 2782 981 2860 leges,
1002 2783 1137 2860 majestas

212 2886 314 2948 vestra,
343 2875 440 2932 divina
466 2884 496 2930 et
522 2874 648 2930 humana
667 2873 766 2931 omnia
785 2873 916 2932 hostibus
935 2876 1040 2934 tradita
1060 2885 1136 2934 sunt

213 2963 316 3040 Neque
337 2983 396 3037 eos,
412 2965 462 3039 qui
482 2983 516 3022 ea
530 2964 634 3035 secere,
655 2965 743 3040 pudet
765 2976 813 3023 aut
832 2967 971 3041 poenitet:
993 2967 1045 3024 se'd
1059 2967 1139 3022 inco·

212 3053 284 3112 dunt
302 3073 353 3130 per
373 3074 424 3112 ora
444 3065 537 3112 vestra
556 3055 712 3131 magnifici,
727 3057 891 3114 sacerdotia
910 3067 940 3113 et
960 3055 1137 3123 consulatus,

212 3162 278 3217 pars
290 3145 452 3221 triumphos
466 3163 534 3202 suos
542 3154 719 3202 ostentantes
731 3165 738 3201 :
758 3147 879 3220 perinde
887 3144 968 3216 quasi
977 3161 1012 3199 ea
1023 3141 1137 3214 honori,

213 3251 272 3290 non
291 3236 394 3310 praedae
415 3237 547 3294 habeant.
597 3235 679 3291 Serri
704 3253 760 3290 aere
779 3234 871 3307 parati
891 3233 998 3306 injusta
1018 3229 1139 3304 imperia

213 3321 395 3384 dominorum
415 3345 474 3384 non
494 3323 659 3399 perferunt:
681 3339 741 3389 vos,
761 3321 904 3392 Quirites,
926 3319 1047 3395 imperio
1066 3319 1138 3393 nati,

212 3432 295 3490 equo
323 3417 420 3474 animo
440 3414 607 3474 servitutem
627 3408 765 3468 toleratis.
809 3411 851 3468 At
871 3411 920 3484 qui
940 3420 1008 3468 suut
1028 3409 1067 3483 hi,
1088 3409 1139 3485 qui

211 3507 422 3585 rempublicam
441 3495 643 3580 occupaverel
670 3498 803 3558 homines
820 3502 1055 3577 sceleratissumi,
1076 3517 1142 3560 crn-
