2682 4268
477 391 641 436 smnusun
663 390 845 438 suemus·
1061 368 1121 438 111

188 551 292 608 neque
312 531 417 592 milites
436 533 558 609 predari
577 533 682 594 sinere.
722 533 800 595 Qun
819 542 973 610 postqum
985 529 1123 608 oppidani

192 641 375 700 eognorere3
397 641 444 682 res
463 624 593 700 trepide,
613 634 708 682 metus
728 624 840 700 ingens,
861 623 969 684 malum
989 620 1124 700 improvi-

192 733 270 786 sum,
285 715 321 774 ud
343 715 400 772 hoe
412 735 479 792 pers
498 716 605 774 nivium
626 725 706 774 extra
725 715 833 776 rnoenis
845 716 877 774 in
890 715 1015 774 bostium
1028 724 1125 790 potus·

195 814 265 879 tite,
277 810 412 884 coegere,
425 807 467 866 uti
477 807 654 866 deditionem
666 807 803 866 saeerent.
832 807 970 866 Ceterum
983 805 1123 882 oppidum

197 895 365 956 ineensrm:
380 897 517 958 Numidas
527 899 651 974 puberes
661 897 826 969 interiectu
848 898 1124 960 sliiomnesvenum

196 985 258 1046 dati
270 1007 277 1044 :
297 989 395 1063 preda
407 989 548 1050 militibus
560 989 661 1050 divisa.
701 989 737 1052 Id
752 989 866 1050 sueinus
875 997 978 1050 eontra
987 987 1035 1064 jus
1045 985 1124 1060 belli,

198 1095 257 1135 non
272 1079 399 1152 avaritie,
413 1098 507 1154 neque
519 1080 629 1138 scelere
650 1079 778 1138 consulis
793 1079 949 1136 admissum
961 1099 969 1148 ;
991 1077 1042 1136 sed
1056 1074 1126 1154 quia

196 1167 281 1227 loeus
301 1169 451 1248 Jugurtbae
471 1182 661 1247 opportunus,
676 1172 760 1238 nobis
781 1171 861 1230 aditu
882 1168 1017 1241 difficilis,
1032 1187 1126 1246 genus

196 1259 347 1320 bominum
368 1262 485 1334 mobile,
506 1263 627 1323 infidum
648 1273 725 1336 ante,
746 1280 842 1338 neque
861 1261 1015 1333 beneficio,
1029 1276 1125 1337 neque

196 1361 275 1412 metu
286 1353 463 1410 coercitum.
1110 1375 1112 1382 ·

236 1440 336 1500 XCII.
364 1441 522 1512 Postquam
531 1448 713 1498 tentantem
724 1440 846 1511 Marius,
856 1441 920 1498 sine
933 1441 993 1496 ullo
1006 1457 1126 1500 suorum
1201 1458 1208 1469 ·

193 1529 388 1592 ineommodo
396 1528 534 1604 petruvit3
556 1547 678 1604 magnus
687 1539 717 1586 et
728 1529 822 1588 elanus
833 1538 928 1599 antea,
938 1529 1029 1603 major
1040 1539 1126 1603 atque

194 1620 305 1680 elarior
319 1619 419 1678 baberi
440 1619 537 1694 erepit.
578 1618 687 1678 Omnis
707 1637 767 1678 non
788 1620 862 1678 bene
883 1618 1016 1678 eonsulta
1029 1619 1060 1678 in
1074 1618 1128 1676 sir·

194 1721 289 1772 tutem
299 1711 503 1772 trahebantur:
525 1709 640 1782 milites,
650 1710 781 1768 modesto
792 1710 913 1786 imperio
924 1709 1014 1768 babiti
1028 1708 1125 1784 simul,

195 1802 409 1879 etloeupletes,
436 1802 471 1862 ad
495 1801 601 1860 eoelum
625 1801 716 1860 serre:
748 1800 886 1860 Numidae
910 1801 1012 1878 magis,
1040 1819 1127 1878 quarn

195 1893 348 1952 mortalem
375 1894 494 1952 timere:
525 1903 672 1969 postremo
696 1911 797 1952 omnes
820 1893 893 1952 sneii
919 1902 1003 1967 atque
1030 1893 1127 1956 hortus

193 1984 373 2044 crederetui
392 1996 441 2044 aut
463 1994 589 2044 mentem
609 1985 737 2042 divinam
757 2001 831 2057 esse,
852 1995 901 2042 aut
913 1984 1034 2044 deorum
1053 1992 1127 2044 nutu

195 2083 307 2134 nuneta
318 2065 460 2148 portendi.
502 2075 562 2132 Sed
582 2075 867 2147 eensa1‚nbiesres
881 2077 956 2136 bene
969 2075 1075 2148 euenit,
1090 2074 1126 2134 ud

195 2163 256 2224 alie
265 2162 373 2239 oppida
381 2164 493 2241 pergit:
513 2183 616 2241 partes,
630 2167 856 2243 repugnantibus
870 2167 1018 2240 Numidis,
1030 2166 1123 2244 eapit3

194 2253 280 2331 plura
293 2253 407 2312 deserta
423 2264 539 2328 prepter
557 2255 749 2328 Capsensium
767 2258 907 2328 miserias,
921 2259 983 2335 igni
998 2275 1126 2320 eorrum-

194 2343 255 2420 pit:
286 2342 368 2403 luetu
396 2352 480 2418 atque
506 2343 587 2404 eaede
610 2345 710 2404 omnia
737 2348 926 2422 complentur.
978 2349 1124 2424 Denique,

195 2433 296 2494 multis
325 2433 400 2494 locis
426 2435 545 2510 petitus,
570 2454 604 2494 ee
630 2436 775 2510 plerisque
803 2439 934 2496 exercitu
960 2439 1124 2514 incruento,

197 2525 282 2586 sliam
304 2543 364 2584 rem
388 2525 563 2602 adgreditur,
585 2543 645 2584 non
665 2526 767 2584 eadem
789 2527 953 2601 asperitate,
974 2527 1126 2604 qua'Gsp·

194 2616 334 2689 sensium,
347 2625 479 2674 aeterum
492 2615 570 2672 bend
592 2633 675 2674 secus
694 2615 850 2674 difficilem.
891 2615 1027 2690 Namque
1048 2616 1125 2676 band

196 2705 283 2784 lunge
310 2726 328 2766 a
354 2705 475 2764 flumine
501 2703 654 2776 Murena,
675 2705 754 2779 quod
781 2705 932 2781 Jugurthae
957 2705 1126 2782 Boeebique

196 2815 319 2874 regnum
340 2796 533 2872 disjungebat,
550 2805 620 2868 erat,
636 2795 710 2856 inter
732 2805 858 2856 ceteram
871 2796 1027 2873 planiciem
1041 2816 1125 2858 mons

195 2906 309 2960 suess,
324 2886 464 2946 mediocri
478 2887 598 2946 castello
611 2888 681 2946 sutis
697 2897 809 2965 patens,
828 2888 859 2948 in
872 2889 1044 2950 immensum
1065 2889 1127 2950 edi·

194 2989 253 3051 tus,
277 2997 336 3036 uno
358 2988 534 3057 perangusto
555 2979 634 3040 editu
657 2980 776 3040 relicto:
804 3001 871 3042 nam
891 2984 987 3042 omnis
1010 2994 1123 3056 nature,

195 3070 274 3128 velut
297 3087 384 3146 opere
419 3081 504 3146 atque
537 3072 681 3144 eonnrlto,
711 3091 849 3149 praeeeps.
898 3075 999 3138 Quem
1024 3074 1123 3130 loeum

196 3159 319 3234 Marius,
333 3161 411 3238 quod
429 3161 470 3220 ibi
491 3163 568 3240 regis
585 3163 714 3220 thesauri
735 3174 826 3234 erant,
848 3183 961 3220 summa
977 3162 1004 3218 vi
1019 3177 1123 3235 capere

195 3251 328 3312 intendit
369 3252 430 3310 Sed
449 3271 484 3310 es
497 3271 544 3310 res
564 3253 647 3323 ferte,
662 3271 749 3326 quam
768 3252 900 3322 oonsilio,
915 3250 1018 3308 melius
1031 3261 1119 3328 gestu.

193 3341 273 3402 Nam
293 3343 413 3404 castello
433 3343 561 3401 virorum
581 3351 667 3415 etque
680 3359 834 3401 ,armorum
854 3340 933 3412 satis,
955 3358 1062 3417 magna
1079 3341 1123 3402 ris

193 3443 225 3494 et
244 3433 380 3494 frumenti
400 3443 430 3494 et
448 3433 512 3492 fons
526 3451 623 3508 aquae3
646 3429 799 3506 aggeribus
819 3429 1001 3504 turribusque
1015 3440 1044 3489 et
1058 3431 1122 3494 aliis

191 3525 459 3589 msubinetionibus
478 3523 562 3589 loeus
585 3523 785 3610 importunum
815 3519 869 3584 iter
900 3521 1122 3591 easteflanorun
