2656 4276
238 305 282 370 66
522 328 684 370 smnnsnrr
705 327 891 404 messana.

238 475 342 542 pretio,
358 478 407 526 aut
420 470 513 546 gratia
533 469 721 528 effecturum:
741 479 843 546 postea
862 486 931 527 vero
950 485 1039 544 quam
1051 468 1169 544 partici-

238 574 305 634 pem
319 559 428 636 negotii
440 561 582 616 Scaurum
593 559 724 634 accepit;
746 561 776 617 in
790 578 954 616 maxumam
965 577 1047 634 spem
1063 561 1169 620 adduc-

239 655 286 704 tus
319 650 524 724 recuperandae
558 649 650 725 pacis,
677 650 776 706 statuit
805 668 873 707 curn
900 649 943 706 eis
969 649 1007 706 de
1034 650 1169 708 omnibus

240 737 426 814 pactionibus
458 753 585 816 praesens
618 757 713 816 agere.
774 739 913 796 Ceterum
946 739 1068 810 interea,
1101 739 1168 798 fidei

240 845 352 900 caussa,
367 830 488 886 mittitur
510 849 527 886 a
546 830 665 888 consule
690 830 806 887 Sextius
827 839 950 906 quaestor
974 829 1005 886 in
1029 830 1168 904 oppidum

241 915 392 994 Jugurthe
407 920 536 977 Vaccam
547 941 554 989 ;
577 920 659 996 cujus
680 920 722 978 rei
746 920 858 995 species
878 930 939 977 erat
960 921 1093 995 acceptio
1114 921 1169 978 t'ru·

241 1009 342 1080 menti,
357 1010 433 1084 quod
448 1010 621 1086 Calprrnius
634 1010 729 1085 palam
749 1011 851 1086 legatis
872 1009 1079 1085 imperaverat;
1101 1027 1169 1084 quo·

241 1098 320 1156 niam
339 1099 494 1155 deditionis
514 1117 595 1156 mora
614 1099 740 1161 induciae
761 1100 951 1176 agitabantur.
992 1099 1087 1176 Igitur
1108 1118 1167 1171 rex,

242 1187 283 1244 uti
311 1188 508 1259 constituerat,
537 1189 567 1245 in
595 1200 690 1246 castra
715 1190 793 1248 venit
805 1211 812 1260 3
842 1209 876 1246 ac
902 1208 1006 1264 pauca,
1034 1189 1168 1265 praesenti

241 1276 374 1347 oonsilio,
388 1277 504 1334 locutus
518 1278 554 1336 de
568 1278 677 1336 invidia
691 1278 759 1337 facti
774 1279 818 1338 sd
834 1289 918 1353 atque
932 1279 975 1337 uti
996 1280 1027 1337 in
1048 1279 1169 1336 deditio·

240 1384 309 1424 nem
324 1367 513 1442 acciperetur,
534 1369 645 1443 reliqua
665 1388 731 1426 curn
754 1369 853 1428 Bestia
872 1380 901 1428 et
924 1371 1037 1426 Scauro
1057 1378 1169 1427 secreta

241 1458 393 1534 transigit:
414 1458 482 1516 dein
495 1470 612 1534 postero
625 1460 683 1532 die,
698 1461 780 1534 quasi
799 1479 850 1535 per
870 1470 996 1516 saturam
1017 1458 1167 1534 exquisitis

242 1550 402 1621 sententiis,
417 1549 447 1606 in
461 1550 638 1608 deditionem
653 1551 801 1626 accipitur,
837 1550 906 1621 Sed,
921 1549 963 1607 nti
977 1567 1030 1625 pro
1045 1548 1168 1610 consilio

242 1638 412 1712 imperatum
440 1652 510 1713 erat,
538 1641 683 1717 elephanti
709 1641 837 1716 triginta,
863 1659 954 1715 pecus
982 1649 1067 1715 atque
1103 1637 1168 1713 equi

242 1727 335 1801 multi,
363 1748 430 1786 cum
455 1750 544 1805 parvo
572 1731 683 1807 argenti
702 1731 830 1806 pondere
851 1730 986 1804 quaestori
1006 1729 1166 1787 traduntur.

242 1818 418 1895 Calpurnius
432 1820 559 1878 Romam
574 1821 800 1898 admagistratus
809 1820 953 1898 rogandos
962 1820 1166 1896 proficiscitur.

243 1906 279 1968 In
293 1909 435 1970 Numidia
448 1922 477 1970 et
491 1913 618 1970 exercitu
633 1922 731 1969 nostro
744 1931 801 1986 pax
815 1911 985 1987 agitabatur.

281 1999 383 2058 XXX.
411 2000 566 2076 Postquam
581 2020 626 2059 res
647 2003 677 2059 in
699 2001 801 2058 Africa
821 2011 926 2078 gestas,
947 2019 1063 2075 quoque
1083 1999 1168 2058 modo

244 2099 315 2147 actae
329 2092 434 2162 forent,
450 2091 525 2149 fama
538 2092 704 2168 divolgavit,
725 2091 829 2150 Romae
850 2110 901 2167 per
925 2092 1020 2148 omnis
1039 2091 1122 2150 locos
1141 2099 1168 2150 et

243 2191 402 2238 conventus
415 2182 452 2238 de
466 2182 543 2239 sacto
556 2183 684 2239 consulis
699 2182 819 2258 agitari:
841 2182 918 2256 apud
938 2181 1052 2258 plebem
1073 2180 1168 2258 gravis

243 2268 369 2326 invidia:
390 2269 491 2327 Patres
504 2270 622 2328 solliciti
636 2282 718 2328 erant
730 2273 922 2347 probarentne
936 2281 1048 2329 tantum
1068 2269 1168 2348 flagiti·

243 2377 303 2430 um,
318 2377 354 2416 an
367 2359 516 2417 decretum
530 2361 657 2417 consulis
671 2363 879 2433 subvorterent‚
893 2381 994 2437 parum
1009 2363 1165 2419 constabat

243 2448 290 2507 Ao
304 2468 436 2508 maxume
450 2469 501 2508 eos
514 2451 643 2526 potentia
657 2452 772 2523 Scauri,
787 2452 864 2526 quod
878 2453 902 2509 is
917 2460 1016 2509 auctor
1030 2461 1060 2508 et
1073 2451 1168 2510 socius

244 2538 349 2614 Bestiae
376 2541 530 2614 ferebatur,
553 2561 666 2614 avaro,
686 2543 821 2617 bonoque
848 2542 1031 2617 impediebat.
1072 2541 1115 2599 At
1133 2539 1167 2599 G.

243 2629 409 2705 Memmius,
417 2633 545 2709 cujusde
553 2633 801 2710 libertateingenii
809 2629 1168 2707 etodiopotentiaenobili·

243 2723 309 2794 tatis
318 2743 404 2798 supra
412 2724 545 2795 diximus,
555 2724 629 2781 inter
638 2723 848 2780 dubitationem
857 2732 886 2779 et
894 2739 989 2778 moras
997 2721 1168 2804 senati,con·

242 2811 377 2868 cionibns
392 2813 530 2887 populum
552 2812 588 2868 ad
607 2812 813 2870 vindicandum
834 2811 960 2870 hortari:
982 2829 1112 2884 monere,
1132 2809 1167 2868 rie

243 2900 460 2973 rempublicam,
487 2919 525 2958 ne
551 2901 714 2958 libertatem
740 2921 822 2960 suam
848 2903 1035 2960 desererent:
1078 2900 1168 2958 mults

243 2989 367 3064 superba
380 2999 409 3046 et
418 2989 547 3048 crudelia
557 2989 688 3048 facinora
697 2991 858 3049 nobilitatis
867 2991 1038 3050 ostendere:
1052 3007 1168 3066 prorsus

187 3148 193 3163 Ι
242 3079 370 3138 intentus
378 3080 458 3138 omni
468 3080 554 3138 modo
562 3079 654 3156 plebis
663 3080 790 3138 animum
800 3083 984 3140 accendebat
1020 3082 1090 3153 Sed,
1101 3077 1169 3156 qiio·

241 3171 320 3230 niam
331 3191 365 3230 ea
375 3181 543 3247 tempestate
554 3171 657 3229 Rome
669 3169 801 3230 Memmii
812 3173 948 3230 facundia
959 3172 1038 3230 clara
1047 3172 1168 3247 pollens·

242 3280 298 3337 que
310 3263 373 3334 fuit,
382 3263 487 3320 decere
496 3261 675 3333 existumavi,
687 3280 774 3320 unam
785 3280 821 3320 ex
830 3273 890 3320 tam
900 3262 998 3320 multis
1009 3262 1168 3320 orationem

242 3351 304 3426 ejus
321 3352 518 3429 perscribere;
541 3371 575 3410 ac
587 3351 777 3427 potissumum
797 3370 832 3411 ea
845 3352 951 3423 dicam,
971 3370 1035 3428 quar
1054 3353 1086 3410 in
1102 3367 1169 3410 cou-

242 3439 337 3510 nione,
350 3452 415 3514 post
424 3443 548 3500 reditum
558 3441 674 3513 Bestiae,
684 3441 883 3516 hujuscemodi
894 3441 989 3499 verbis
998 3439 1143 3500 disseruit

280 3527 397 3587 XXXI.
425 3531 552 3590 “Multa
571 3549 619 3590 me
634 3531 821 3590 dehortantur
836 3530 958 3606 avobis,
971 3531 1117 3604 Quirites,
1139 3529 1170 3590 ni
