2656 4276
479 315 643 364 amusan
664 317 825 362 camma.
1091 295 1117 368 d

187 461 286 527 nuno
299 459 334 518 ad
353 457 563 534 rempublicam
582 459 659 516 latus
679 477 761 530 sum;
782 456 883 533 ibique
901 456 974 518 mihi
994 455 1116 520 advorsa

189 552 281 613 multa
306 551 394 611 fuere:
443 548 522 606 Nam
549 567 602 625 pro
627 549 748 624 pudore,
773 567 826 624 pro
852 549 1034 621 abstinentia,
1060 565 1116 628 pto

190 644 303 714 virtute,
317 641 448 713 audacia,
462 640 587 717 largitio,
602 641 721 703 avaritia
734 641 877 717 rigebant.
917 640 996 704 Qutc
1014 649 1115 702 :mes

189 733 216 796 ni
230 733 342 794 animus
354 733 567 807 aspernabatur,
578 731 705 790 insolens
718 731 858 790 malarum
870 730 992 802 artium;
1006 742 1114 806 tanen,

192 824 362 886 inter'tanta
374 823 453 893 vitia,
468 822 613 880 imbecilla
626 833 695 880 etas
709 823 868 883 ambitione
881 832 1017 897 corrupta
1036 832 1116 882 teue-

195 914 299 974 batur:
321 931 355 970 ac
369 931 424 984 me,
435 931 523 988 quum
538 914 573 970 ab
586 913 765 990 reliquorum
775 913 858 970 malis
872 912 1117 972 moribusdissen·

148 1053 149 1056 ,
192 1004 287 1076 tirem,
301 1004 392 1064 nihilo
406 1005 501 1064 mirrus
515 1005 633 1062 honoris
647 1004 755 1080 cupido
774 1004 887 1075 eadem,
908 1021 973 1078 que
993 1012 1116 1076 ceteros,

194 1093 270 1154 fama
284 1102 373 1170 atqne'
381 1095 489 1152 invidia
502 1096 631 1154 vexabat.

231 1185 283 1244 IV.
311 1185 414 1262 Igitur,
429 1186 480 1242 ubi
494 1187 607 1243 animus
620 1204 656 1243 cx
676 1186 774 1244 multis
794 1184 918 1244 miseriis
939 1193 1024 1260 atque
1042 1183 1118 1259 peri·

192 1276 268 1334 culis
294 1276 444 1350 requievit,
472 1286 502 1334 et
528 1276 601 1332 mihi
627 1276 767 1349 reliquam
794 1285 907 1333 aetatem
932 1273 1120 1350 erepublica

192 1367 295 1442 praeut
315 1367 479 1424 habendam
498 1365 624 1436 decrevi,
645 1384 705 1422 non
726 1365 780 1422 suit
799 1365 964 1435 consilium,
985 1363 1122 1422 socordia

195 1465 282 1528 atque
296 1456 408 1510 desidia
420 1456 531 1509 bonum
544 1455 636 1509 otium
650 1463 815 1514 conterere:
834 1470 929 1524 neque
939 1470 1007 1508 vero
1022 1468 1124 1526 agrum

195 1543 332 1614 colendo,
347 1552 395 1600 aut
408 1541 550 1612 venando,
565 1541 716 1599 servilibus
727 1541 829 1598 officiis
844 1541 996 1612 intentum,
1011 1549 1124 1598 etatem

196 1651 299 1710 agere:
315 1633 381 1714 sed,
404 1651 421 1690 a
445 1649 502 1706 quo
524 1632 641 1706 incepto
665 1632 818 1706 studioque
840 1649 888 1690 me
908 1632 1027 1690 ambitio
1048 1631 1125 1690 mela

170 1768 172 1773 ,
196 1723 368 1794 detinuerat,
383 1723 486 1780 eodem
499 1741 656 1799 regressus,
672 1723 758 1780 statui
772 1742 818 1780 res
831 1733 927 1800 gestas
940 1723 1041 1798 populi
1061 1722 1125 1781 Ro-

196 1813 276 1872 mani
302 1813 433 1888 carptim,
462 1821 495 1870 ut
520 1831 642 1888 quaeque
665 1814 805 1870 memoria
829 1815 918 1890 digna
943 1813 1124 1886 ridebantur,
1195 1855 1196 1858 ,

195 1904 391 1982 perscribere:
413 1922 449 1961 eo
463 1904 565 1980 magis,
581 1903 658 1978 quod
673 1905 744 1964 mibi
767 1924 783 1962 a
803 1924 862 1980 spe,
884 1913 974 1976 metu,
994 1903 1124 1978 partibor

196 1995 364 2070 reipublice
379 1995 492 2052 animus
505 1995 578 2054 liber
592 2006 662 2054 erat.
696 1995 788 2072 Igitur
797 1995 834 2054 de
845 1996 980 2057 Catilina
990 1995 1124 2072 conjura·

196 2084 287 2156 tione,
303 2085 558 2159 quam-verissume
571 2097 683 2162 potero,
697 2088 798 2162 paucis
820 2089 984 2146 absolvam:
1005 2105 1074 2146 nam
1094 2081 1126 2162 id
1150 2119 1153 2131 ·

195 2174 311 2250 facinus
338 2176 369 2230 in
395 2176 496 2248 primis
522 2195 578 2244 ego
605 2179 791 2236 munerebus
818 2178 973 2244 existumo,
1006 2175 1127 2236 sceleris
1149 2163 1152 2178 ⁴

198 2272 284 2340 atque
315 2258 439 2337 periculi
464 2257 600 2315 novitate.
654 2258 701 2316 De
732 2260 815 2336 cujus
842 2260 968 2322 hominis
995 2265 1125 2324 moribus

198 2371 292 2430 pauca
317 2351 397 2428 priua
422 2350 602 2426 explananda
628 2359 705 2423 suut,
732 2370 818 2427 quarn
844 2353 960 2414 initium
987 2355 1124 2418 narrandi

200 2443 313 2504 faciam.

239 2535 276 2592 V.
304 2533 414 2594 Lucius
427 2531 563 2604 Catilina,
577 2532 669 2590 nobili
684 2552 790 2610 genere
803 2544 898 2606 uatus,
912 2535 969 2593 suit
979 2555 1085 2612 magna
1097 2535 1127 2594 ri

201 2634 231 2684 et
240 2625 329 2681 animi
343 2634 371 2680 et
381 2625 518 2698 corporis,
528 2625 580 2682 sed
592 2624 711 2700 ingenio
722 2625 798 2682 melo
809 2641 964 2698 pravoque.
987 2626 1080 2706 *Huic
1092 2625 1128 2687 ab

203 2713 399 2774 adulescentia
425 2715 499 2774 bella
524 2716 671 2786 intestine,
699 2715 803 2786 caedes,
831 2715 949 2790 rapine,
981 2713 1128 2776 discordia

201 2803 307 2876 civilis,
331 2814 412 2880 grata
434 2805 533 2876 suere;
560 2807 658 2882 ibique
678 2806 858 2882 juventutem
881 2825 964 2866 suam
987 2807 1126 2867 excreuit.

201 2894 316 2971 Corpus
329 2895 440 2970 patiens
454 2895 568 2968 inediae,
584 2897 698 2973 algoris,
713 2897 829 2974 vigilis,
851 2917 938 2973 supra
958 2917 1044 2973 quam
1067 2896 1129 2956 oui·

202 3004 288 3062 quam
312 2985 458 3044 credibile.
509 2987 635 3048 Animus
656 2989 757 3060 audax,
782 2989 931 3060 subdolus,
952 2989 1058 3058 verius,
1079 3005 1129 3046 cu·

209 3077 256 3153 jus
270 3077 312 3135 rei
325 3077 396 3136 libet
409 3077 557 3135 simulator
579 3097 613 3136 ac
634 3079 848 3137 dissimulator:
871 3078 958 3136 alieni
980 3084 1128 3150 appetens,

202 3167 249 3224 sni
267 3167 411 3243 profusus,
433 3169 536 3228 ardens
557 3169 587 3226 in
608 3169 833 3244 cupiditatibus:
856 3167 925 3224 satis
945 3163 1128 3239 eloquentiae,

202 3257 350 3334 sapientie
371 3279 481 3334 parum.
523 3260 630 3317 Vastus
652 3260 764 3318 animus
785 3255 985 3326 immoderata,
1005 3254 1129 3316 meredi-

202 3347 282 3421 bilia,
297 3350 384 3408 nimis
399 3350 456 3408 alta
476 3367 587 3424 semper
608 3349 751 3420 cupiebat.
794 3347 894 3414 Hunc,
915 3353 980 3418 post
1000 3343 1129 3405 domina·

201 3435 311 3498 tionem
325 3440 412 3498 Lucii
427 3441 525 3510 Sullae,
539 3437 640 3495 lubido
655 3454 787 3492 maxuma
807 3435 949 3493 invaserat
962 3434 1129 3512 reipublice

198 3531 374 3640 papiuudae3
389 3548 484 3608 neque
498 3530 527 3589 id
541 3526 752 3605 quibusmodis
767 3526 980 3602 adsequeretur,
990 3527 1060 3586 dum
1074 3522 1130 3584 sibi
