2656 4276
233 375 279 438 70
517 389 683 432 sunausnrr
704 388 885 432 suumn-rra.

236 533 331 593 Fuere
346 533 404 608 qui,
421 550 491 590 auro
505 531 643 607 corrupti,
657 532 824 606 elephantos
835 529 985 608 Jugurthre
996 532 1162 596 traderent:

236 625 285 684 dii
298 625 433 700 perfugas
447 623 590 680 vendere:
611 641 677 697 pars
691 639 727 678 ex
746 621 858 695 pacatis
881 623 993 696 predas
1017 627 1161 701 agebant:

235 714 371 773 tantoris
386 714 509 770 avaritiae
524 713 554 770 iu
570 713 681 770 animos
700 729 810 782 eorum,
832 711 920 768 veluti
940 714 1030 784 tabes,
1052 715 1163 774 invass-

235 814 287 864 rat.
329 806 370 862 At
384 803 513 874 Cassius,
529 803 660 882 (praetor)
681 801 791 877 perlata
810 802 961 878 rogatione
982 822 999 860 a
1018 803 1052 860 C.
1068 804 1162 864 Mem-

235 897 305 967 mio,
321 915 355 953 ao
368 896 502 971 perculsa
514 893 593 950 omni
607 893 767 964 nobilitate,
783 892 818 949 ad
839 892 1011 970 Iugurtham
1031 897 1162 969 proficis·

236 973 330 1045 uitur:
353 988 437 1062 eique
461 985 573 1054 timido,
598 993 626 1041 et
650 1002 686 1041 ex
709 983 890 1040 conscientia
913 984 1054 1042 diffidenti
1074 988 1161 1045 rebus

235 1081 306 1152 suis,
314 1079 477 1155 persuadet,
489 1084 508 1110 “
516 1094 574 1150 quo
588 1095 618 1132 se
632 1075 739 1150 populo
748 1075 884 1132 Romano
895 1075 1031 1148 dedisset,
1043 1096 1080 1134 ne
1091 1079 1159 1152 vim,

235 1189 321 1244 quam
357 1167 583 1224 misericordiam
606 1166 677 1240 ejus,
705 1166 829 1240 experiri
856 1165 981 1224 mallet.’'
1022 1167 1159 1226 Privatim

234 1270 372 1335 praeterea
386 1258 471 1314 fidem
486 1275 566 1313 suem
582 1255 748 1330 interponit,
767 1275 854 1330 quarn
878 1257 926 1313 ille
949 1275 1008 1313 non
1029 1258 1158 1332 minoris,

235 1367 321 1424 quam
346 1348 493 1424 publicam
517 1347 657 1404 ducebat:
689 1346 754 1404 talis
780 1365 815 1404 ea
837 1356 1005 1422 tempestate
1027 1348 1104 1406 fama
1123 1349 1159 1408 de

234 1439 338 1498 Cassio
352 1449 420 1496 erat.

274 1529 422 1588 XXXIII.
451 1529 542 1607 Igitur
557 1529 710 1606 Iugurtha,
725 1540 826 1587 eontra
839 1530 928 1587 deous
942 1531 1064 1607 regium,
1079 1531 1158 1591 cultu

235 1639 319 1696 quam
335 1639 467 1678 maxume
482 1621 647 1690 miserabili,
660 1639 726 1677 oum
740 1620 844 1676 Cassio
857 1619 983 1678 Romam
997 1623 1092 1680 venit:
1114 1641 1157 1696 aa,

233 1711 397 1768 tamenetsi
418 1711 525 1786 inipso
539 1729 643 1786 magna
663 1711 705 1766 ris
726 1711 813 1768 animi
830 1721 901 1781 erat,
916 1712 1102 1771 confirmatus
1123 1715 1158 1772 ab

233 1801 368 1858 omnibus
382 1820 501 1876 quorum
514 1801 644 1876 potentia
658 1811 706 1858 aut
720 1801 828 1858 scelere
849 1811 956 1858 cuneta
968 1821 1003 1859 ea
1021 1814 1157 1880 gesserat,

232 1910 297 1967 quae
318 1911 403 1968 supra
423 1892 556 1962 diximus,
571 1891 605 1948 0.
628 1891 758 1948 Baebium
779 1892 925 1948 tribunum
947 1893 1040 1968 plebis
1053 1913 1156 1972 magne

232 1984 366 2040 mercede
387 1993 478 2058 parat,
502 1983 583 2057 oujus
604 1982 782 2056 impudentia
800 1992 902 2039 contra
919 1983 966 2058 jus
990 1995 1019 2041 et
1039 1985 1157 2060 injurias

232 2075 328 2130 omnis
351 2074 478 2130 munitus
505 2073 586 2130 soret.
628 2073 669 2128 At
689 2073 722 2130 Ο.
743 2072 909 2144 Memmius,
932 2074 1071 2132 advocata
1091 2095 1157 2134 oon·

231 2163 335 2233 oione;
363 2183 534 2238 quamquem
555 2163 617 2240 regi
641 2164 745 2220 infesta
770 2164 869 2238 plebes
892 2175 962 2236 erat,
984 2175 1013 2222 et
1038 2186 1105 2241 pars
1127 2168 1157 2226 in

230 2252 349 2308 vincula
362 2253 429 2308 duci
441 2255 569 2328 jubebat,
590 2272 665 2326 pars,
680 2254 710 2310 ni
725 2254 821 2310 socios
835 2255 951 2312 seeleris
965 2257 1010 2312 sui
1025 2258 1155 2331 aperiret,

230 2360 313 2400 more
339 2342 489 2416 majorum,
515 2343 551 2398 de
578 2343 660 2400 hoste
687 2344 858 2419 supplicium
886 2346 979 2415 sumi;
1013 2347 1156 2423 dignitati,

230 2451 319 2508 quam
330 2433 378 2489 irae
390 2433 481 2508 magis
493 2433 656 2504 consulens,
670 2433 770 2490 sedare
780 2445 885 2504 motus,
896 2445 925 2492 et
937 2436 1047 2493 animos
1057 2454 1157 2496 eorum

229 2523 354 2594 mollire,
375 2535 520 2599 postremo
542 2524 722 2594 confirmare,
742 2524 828 2580 fidem
850 2525 996 2598 publicam
1019 2545 1071 2600 per
1095 2545 1157 2585 sese

231 2613 398 2695 iuv'platam
426 2614 495 2672 fore.
536 2613 615 2684 Post,
643 2614 694 2671 ubi
721 2614 867 2670 silentium
894 2615 991 2689 ooepit,
1015 2618 1156 2690 producto

231 2705 385 2782 Iugurtha,
406 2707 494 2762 verba
514 2705 592 2775 feeit,
607 2704 711 2760 Rome
725 2704 929 2778 Numidiaque
953 2705 1083 2764 facinora
1096 2708 1157 2783 ejus

229 2806 381 2865 memorat,
393 2796 503 2852 seelera
516 2796 676 2870 inpetrem,
689 2795 845 2869 fratresque
856 2795 982 2852 ostendit
995 2815 1001 2852 :
1024 2799 1157 2871 “quibus

235 2884 411 2958 juvantibus,
427 2885 588 2957 quibusque
606 2884 744 2941 ministris
758 2903 793 2941 ea
806 2885 907 2961 egerit,
922 2904 1095 2960 quamquam
1116 2887 1157 2945 in·

227 2971 348 3047 tellegat
361 2972 484 3047 populus
498 2973 668 3042 Romanus;
696 2984 793 3030 tamen
808 2974 880 3032 velle
894 2976 1046 3034 manifesta
1065 2977 1156 3054 magis

230 3081 268 3121 ex
280 3061 330 3118 illo
340 3062 463 3118 habere:
483 3061 509 3117 si
524 3081 591 3118 vera
605 3063 722 3136 aperiat,
734 3064 764 3119 in
777 3064 834 3122 fide
848 3075 877 3122 et
891 3065 1045 3123 elementia
1057 3066 1156 3143 populi

228 3153 360 3212 Romani
374 3171 506 3229 magnam
521 3171 599 3226 spem
615 3151 657 3208 illi
671 3153 771 3210 sitam:
793 3155 838 3211 sin
852 3156 982 3227 reticeat,
996 3175 1056 3214 non
1069 3156 1156 3215 sooiis

226 3245 315 3302 saluti
331 3245 408 3313 fore3
430 3243 480 3299 sed
494 3261 525 3299 se
539 3261 661 3316 suasque
675 3261 740 3318 spes
754 3248 983 3319 corrupturum.''

269 3333 415 3392 XXXIV.
443 3333 567 3403 Deinde,
579 3333 629 3388 ubi
643 3333 797 3391 Memmius
810 3335 929 3392 dioundi
940 3336 1027 3393 finem
1040 3338 1156 3409 feeit,et

228 3423 375 3500 Iugurtha
385 3425 558 3499 respondere
568 3423 665 3499 jussus
675 3434 727 3493 est,
739 3424 773 3480 Ο.
784 3425 899 3481 Baebius
910 3425 1044 3484 tribunus
1053 3427 1155 3502 plebis,

230 3515 463 3586 quemipeounia
489 3524 653 3588 corruptum
675 3531 761 3585 supra
784 3512 917 3586 diximus,
936 3535 1035 3592 regem
1059 3528 1157 3576 taeero

231 3599 317 3683 jubet
329 3619 336 3657 :
359 3620 403 3673 ao,
416 3613 512 3663 tamen
526 3603 580 3662 etsi
593 3601 831 3684 multitudoque
846 3604 876 3662 iu
890 3606 1033 3670 concione
1047 3609 1155 3681 oderat,
