2682 4268
243 353 306 422 120
521 365 685 412 ramosam
707 363 887 408 scamna.

241 521 327 586 atque
341 519 503 586 opportuna
513 507 612 581 habes,
624 525 682 584 quo
694 507 807 564 facilius
818 515 913 563 errata
922 503 1027 562 officiis
1042 523 1170 584 superes.

241 602 392 660 Postremo
406 601 462 657 hcc
474 601 504 658 in
514 610 617 676 pectus
628 609 709 656 tuum
720 597 848 668 demitte,
859 613 1017 670 numquam
1031 601 1172 675 populum

241 691 410 752 Romanum
423 692 573 748 beneficiis
587 691 695 748 victum
709 707 789 746 esse:
810 706 878 745 nam
893 687 969 744 bello
982 689 1053 761 quid
1067 691 1170 764 valeat,

240 794 303 842 bate
317 783 402 842 scis.’'
445 783 493 840 Ad
514 801 550 840 ca
570 782 706 839 Bocchus
727 779 842 855 placide
862 787 891 836 et
908 779 1053 855 benigne3
1085 781 1170 840 simul

241 893 335 952 pauca
345 893 398 950 pro
411 874 520 932 delicto
533 891 587 930 suo
598 873 685 930 verba
696 871 782 928 facit:
804 876 823 902 “
835 887 866 926 se
879 887 939 926 non
950 868 1048 926 hostili
1064 873 1169 946 animo,

242 967 293 1024 sed
307 967 345 1022 ob
365 981 487 1042 ragnum
509 964 661 1022 tutandum
685 977 764 1018 arma
784 958 912 1035 cepisse:
933 977 1000 1016 nam
1022 960 1170 1021 Numidia

242 1067 363 1134 partem,
385 1056 464 1113 unde
490 1054 518 1112 vi
542 1053 716 1130 Jugurthaan
737 1050 886 1126 expulerit,
912 1050 977 1126 jure
997 1051 1065 1108 belli
1089 1071 1171 1112 suam

243 1147 358 1217 factam,
373 1164 437 1202 eam
459 1144 563 1201 vastari
585 1145 621 1200 ab
635 1141 732 1199 Mario
750 1142 812 1216 pati
830 1141 993 1215 nequivisse
1003 1161 1011 1211 ;
1032 1153 1170 1216 praetcrea

242 1235 337 1293 missis
351 1244 435 1292 antea
447 1233 575 1292 Romam
594 1233 707 1310 legatis,
723 1231 869 1306 repulsum
884 1232 920 1288 ab
939 1231 1075 1290 amicitia
1116 1233 1170 1292 Ca·

243 1335 337 1384 terum
360 1335 458 1384 vetera
482 1324 625 1395 omittere,
648 1332 774 1392 actum,
796 1322 821 1378 si
841 1339 892 1396 per
911 1319 1039 1378 Marium
1058 1323 1168 1395 liceret,

242 1415 353 1493 legatos
376 1416 411 1473 ad
433 1424 566 1473 senatum
588 1413 770 1472 missurum.''
812 1411 890 1469 Dein
910 1412 996 1487 copia
1011 1413 1097 1486 sacta,
1113 1404 1169 1472 ani·

243 1525 308 1565 mus
331 1507 444 1564 barbari
468 1507 505 1564 ab
532 1505 634 1563 amicis
657 1504 759 1574 flexus,
783 1519 855 1579 quos
879 1502 1032 1580 iugurtha,
1054 1504 1169 1582 cognita

242 1597 388 1674 legatione
412 1597 501 1656 Sulla
515 1605 544 1654 et
564 1594 679 1668 Manlii,
700 1603 832 1651 metuens
854 1592 885 1650 id
907 1594 985 1668 quod
1006 1597 1167 1718 parabatur,

242 1688 327 1745 donis
341 1697 515 1764 corruperat.
1210 1674 1219 1687 '

283 1777 365 1838 0111.
394 1778 527 1836 Marius'
519 1785 640 1849 tnterea,
655 1776 784 1835 areroitu
798 1776 829 1833 in
843 1775 1038 1834 hibernaculis
1056 1795 1170 1852 compo·

242 1867 309 1940 sito,
324 1889 391 1928 cum
405 1869 546 1944 expeditis
560 1867 729 1926 cohortibus
742 1877 772 1925 et
783 1877 865 1943 parte
879 1867 1024 1941 equitatus
1043 1869 1170 1942 proficis·

243 1959 318 2018 citur
333 1961 363 2017 in
376 1960 443 2017 loca
457 1960 527 2031 sola,
543 1959 691 2026 obsessum
705 1957 807 2014 turrim
821 1955 942 2034 regiam,
955 1975 1012 2031 quc
1025 1956 1043 2013 J
1046 1958 1171 2050 ugurtha

242 2050 378 2127 perfugas
404 2049 499 2107 omnis
525 2047 690 2124 presidium
724 2046 908 2123 imposuerat
964 2033 1061 2104 Turn
1069 2065 1168 2105 rursus
1271 2050 1272 2054 ’

243 2139 389 2210 Bocchus,
404 2158 455 2196 seu
469 2139 638 2215 reputando,
647 2155 710 2213 qun
719 2137 774 2195 sibi
783 2137 896 2194 duobus
907 2137 1012 2211 prreliis
1022 2147 1167 2209 venerant,

242 2243 293 2284 eeu
309 2229 471 2285 admonitus
486 2230 521 2284 ab
536 2229 600 2285 aliis
614 2228 725 2300 amicis,
740 2245 812 2304 quos
825 2227 1006 2302 incorruptos
1026 2227 1169 2304 Jugurtha

241 2316 406 2391 reliquerat,
422 2317 548 2373 exomni
562 2318 648 2391 copia
660 2317 887 2375 necessariorum
901 2318 1029 2391 quinque
1049 2317 1168 2394 delegit,

242 2424 364 2482 quorum
386 2416 415 2463 et
436 2406 507 2464 fides
528 2407 656 2483 cognita,
680 2417 710 2464 et
734 2407 852 2484 ingenia
874 2407 1059 2464 validissuma
1079 2417 1168 2466 erant

243 2497 303 2556 Eos
318 2497 354 2555 ad
368 2497 505 2568 Marium,
521 2515 555 2554 ac
570 2497 647 2569 dein,
662 2497 686 2555 ei
706 2498 829 2573 placeat,
850 2497 977 2554 Romam
996 2497 1108 2574 legatos
1129 2498 1169 2556 ire

249 2589 351 2666 jubet:
387 2588 562 2664 agendarum
589 2606 695 2659 rerum,
723 2597 753 2644 et
778 2605 962 2663 quooumque
987 2588 1075 2645 modo
1102 2587 1169 2646 baffi
1239 2630 1242 2636 Ι
1324 2577 1325 2608 t

243 2679 437 2754 componendi
464 2678 615 2736 licentiam
641 2678 710 2753 ipsis
731 2678 880 2752 permittit.
929 2677 977 2735 Illi
1000 2689 1113 2736 mature
1123 2677 1170 2738 ad

243 2768 365 2825 hiberna
387 2769 590 2826 Romanorum
614 2768 856 2842 proficiscuntur:
885 2768 954 2825 dein¹
977 2768 1007 2825 in
1030 2769 1171 2826 itinerea

242 2857 363 2912 Gaetulis
378 2857 538 2932 latronibus
560 2858 750 2916 circumventi
774 2858 955 2933 spoliatique,
977 2859 1085 2934 pavidi,
1107 2859 1169 2917 sinc

242 2945 349 3000 decore
364 2944 399 3000 ad
414 2945 523 3001 Sullam
537 2947 717 3022 profugiunt,
731 2966 818 3022 quern
832 2949 952 3021 Consul,
968 2949 997 3006 in
1008 2948 1168 3024 expeditio·

242 3053 310 3092 nem
323 3033 519 3110 proficiscens,
533 3053 586 3110 pro
607 3036 734 3094 Praetura
756 3037 919 3113 reliquerat.
961 3039 1020 3098 Eos
1041 3039 1090 3096 illc
1111 3056 1169 3096 non

241 3143 295 3202 pro
309 3127 389 3184 vanis
404 3125 544 3198 hostibus,
560 3126 602 3183 uti
613 3126 708 3184 meriti
722 3138 813 3200 erant,
828 3128 878 3186 secl
893 3140 1029 3186 accurate
1044 3147 1078 3186 ac
1099 3129 1171 3186 libe·

242 3217 340 3275 taliter
368 3215 487 3285 habuit;
519 3235 576 3292 qua
596 3235 629 3274 rc
651 3217 765 3274 barbari
788 3228 818 3275 et
839 3218 944 3276 innam
968 3219 1169 3277 Romanorum

243 3308 368 3365 avaritie
395 3306 505 3378 falsam,
529 3316 560 3364 et
587 3307 709 3380 Sullam,
731 3308 770 3365 ob
793 3308 1021 3367 munificentiam
1044 3309 1074 3365 in
1095 3325 1169 3380 sese,

243 3399 367 3454 amicum
395 3397 458 3455 rati.
509 3395 587 3453 Nam
614 3397 702 3455 etiarn
725 3406 786 3455 turn
807 3397 923 3474 largitio
948 3398 1046 3456 multis
1069 3399 1171 3474 ignota

241 3496 320 3542 crat:
352 3487 504 3544 munificus
531 3505 616 3546 uerno
642 3487 806 3562 putabatur,
833 3488 889 3545 nisi
915 3487 1023 3563 pariter
1049 3489 1169 3546 volens:

241 3573 319 3632 dona
330 3576 427 3634 omnia
439 3577 470 3634 in
490 3577 669 3654 benignitate
689 3577 877 3636 habebantur.
917 3577 1011 3655 Igitur
1032 3578 1170 3654 quaeatcri
