2656 4276
219 349 264 414 ld
506 368 669 413 amusan
689 368 869 412 moueant.

219 510 299 583 dero,
312 509 442 586 polluere
455 520 485 569 et
497 520 609 570 rumare
620 509 717 570 omnia
725 530 733 581 ;
753 509 826 568 nihil
839 509 932 586 pensi,
946 527 1043 586 neque
1057 511 1150 577 sancti

220 601 337 673 babere,
348 601 443 676 quoad
454 613 544 660 semet
558 602 621 678 ipsa
629 602 826 678 precipitavit.
867 601 898 659 N
900 619 946 659 am
959 601 1011 658 nbi
1024 603 1150 677 primu

221 689 273 772 [ex
294 693 460 774 nobilitate]
482 694 588 770 reperti
610 703 687 766 sunt,
709 693 877 769 quiveram
899 691 1022 770 gloriam
1036 693 1150 769 injuste

219 784 357 860 potentie
368 793 576 861 anteponerent
583 805 591 854 ;
613 784 721 843 moveri
733 783 844 856 civitas,
853 793 882 841 et
892 783 1033 842 dissensio
1045 784 1149 857 civilis,

220 874 303 952 quasi
316 875 469 951 permixtio
482 885 576 948 terre,
591 875 660 933 oriri
674 875 770 950 coepit.

260 965 357 1024 XLII.
379 966 410 1024 N
413 986 457 1024 am
468 977 619 1042 postquam
627 965 1016 1036 Tiberiusatcfiracchus,
1026 983 1149 1040 quorum

221 1056 344 1133 majores
362 1057 475 1115 Punico
494 1067 578 1131 atque
600 1055 663 1114 aliis
683 1056 766 1114 bellis
785 1057 907 1114 multum
921 1056 1088 1132 reipublice
1103 1057 1150 1114 ad·

221 1147 363 1219 diderant‚
383 1147 531 1204 vindicare
551 1147 664 1222 plebem
692 1147 723 1203 in
749 1147 920 1219 libertatern,
941 1157 971 1204 et
989 1165 1149 1222 paucorum

221 1237 331 1296 scelera
357 1237 520 1312 patefacere
554 1255 683 1312 coepere;
718 1237 854 1295 nobilitas
885 1237 980 1310 noxia,
1009 1247 1095 1312 atque
1114 1256 1149 1296 eo

220 1328 363 1404 perculsa,
378 1327 465 1385 modo
484 1346 536 1403 per
549 1329 646 1386 socios
666 1345 701 1385 ac
720 1347 826 1385 nomen
843 1327 990 1398 Latinum,
1005 1329 1149 1386 interdum

221 1437 272 1498 per
293 1419 404 1492 equites
417 1417 578 1491 Romanos,
589 1437 662 1493 quos
675 1437 740 1494 spes
761 1417 908 1476 societatis
927 1438 943 1476 a
956 1419 1041 1494 plebe
1061 1420 1150 1478 dimo·

222 1521 311 1583 reret,
338 1510 539 1568 Gracchorum
560 1509 724 1568 actionibus
743 1509 857 1566 obviarn
879 1509 969 1580 ierat3
1000 1520 1031 1567 et
1057 1511 1149 1585 primo

222 1600 386 1671 Tiberium,
408 1601 476 1658 dein
494 1619 604 1676 paucos
621 1611 686 1676 post
707 1619 796 1658 annos
817 1600 918 1657 eadem
939 1600 1149 1677 ingredientem

222 1691 338 1764 Caium,
362 1691 510 1749 tribunum
532 1691 663 1762 alterum,
678 1691 798 1748 alterurn
819 1690 1000 1748 triumvirum
1027 1691 1150 1750 coloniis

223 1781 411 1853 deducendis,
431 1801 498 1840 cum
512 1781 554 1840 M.
570 1782 675 1840 Fulvio
688 1781 798 1838 Flacco
820 1781 896 1838 ferro
909 1792 1071 1840 necaverat.
1113 1781 1150 1840 Et

223 1893 293 1932 sane
312 1874 465 1945 Gracchis,
486 1873 624 1949 cupidine
643 1872 782 1944 victoriae,
803 1873 880 1930 haud
901 1872 970 1930 satis
986 1873 1150 1932 moderatus

224 1966 337 2024 animus
351 1965 413 2024 fuit.
455 1965 515 2022 Sed
529 1966 605 2022 bono
619 1964 697 2021 vinci
711 1964 800 2021 satius
813 1973 867 2034 est,
880 1983 967 2038 quam
981 1964 1059 2022 malo
1072 1983 1151 2022 more

224 2056 358 2132 injuriam
370 2056 494 2114 vincere.
538 2055 631 2132 Igitur
642 2074 677 2112 ea
690 2054 810 2112 victoria
823 2054 959 2112 nobilitas
972 2074 1009 2112 ex
1022 2055 1151 2114 lubidine

223 2166 277 2206 sua
290 2167 352 2218 use,
365 2147 471 2204 multos
485 2147 614 2204 mortalis
629 2147 704 2204 ferro
719 2156 766 2204 aut
780 2147 849 2222 fuga
859 2145 994 2204 exstinxit
1002 2166 1009 2216 ;
1031 2146 1151 2222 plusque

224 2235 255 2296 in
275 2235 418 2309 reliquum
437 2237 493 2294 sibi
514 2237 635 2307 timoris,
650 2255 736 2310 quam
755 2237 901 2311 potentiae,
917 2237 1034 2294 addidit.
1076 2237 1151 2298 Quae

224 2345 271 2384 res
283 2325 452 2400 plerumque
466 2345 585 2402 magnas
599 2327 730 2384 civitates
743 2345 859 2402 pessum
870 2327 965 2396 dedit3
987 2327 1057 2383 dum
1072 2325 1152 2384 alteri

225 2417 330 2476 alteros
351 2416 467 2474 vincere
490 2416 590 2491 quovis
614 2417 711 2489 modo,
732 2418 874 2474 strictos
896 2417 1028 2475 acerbius
1050 2415 1151 2475 ulcisci

224 2494 332 2568 roluht.
375 2507 443 2579 sed,
459 2507 495 2564 de
510 2507 612 2564 studiis
624 2508 749 2582 partium
771 2518 800 2565 et
814 2507 908 2565 omnis
926 2507 1050 2564 civitatis
1068 2507 1152 2564 mori·

223 2602 280 2659 bus
298 2599 322 2658 si
337 2599 513 2677 singulatim,
529 2609 577 2656 aut
590 2617 643 2674 pro
663 2598 872 2674 magnitudine,
889 2616 987 2674 parem
1001 2598 1151 2668 disserere,

223 2703 348 2768 tempus,
369 2709 455 2766 quam
479 2710 534 2763 res,
558 2689 698 2748 maturius
717 2709 764 2747 me
786 2689 906 2748 deseret.
952 2689 1152 2751 Quamobrem

227 2784 263 2840 ed
278 2785 424 2856 inceptum
438 2782 534 2839 redeo.

266 2871 379 2928 XLIII.
407 2871 477 2926 Post
497 2871 568 2927 Auli
590 2871 692 2942 l'oedus,
712 2870 914 2945 exercitusque
937 2869 1028 2927 nostri
1049 2869 1152 2926 foedanr

226 2960 335 3038 Iugum,
357 2959 494 3016 Metellus
515 2971 543 3017 et
558 2961 685 3032 Silanus,
705 2961 839 3018 consules
859 2960 1010 3037 designati,
1029 2958 1154 3035 [prosim

227 3050 301 3131 cias]
319 3049 392 3108 inter
409 3067 440 3106 se
453 3048 644 3122 partirerant:
666 3049 843 3124 Metelloque
857 3048 886 3104 N
889 3049 998 3106 umidis
1009 3057 1152 3118 evenerat,

226 3144 288 3202 acri
314 3142 385 3212 viro,
406 3151 436 3198 et
459 3157 631 3214 quemquern
657 3139 777 3196 advorso
796 3140 896 3215 populi
919 3138 1054 3214 partium,
1080 3139 1154 3195 sarna

226 3245 323 3293 tamen
338 3231 471 3308 aequabili
484 3241 515 3290 et
524 3230 669 3288 inviolata.
711 3230 741 3287 Is
755 3231 804 3286 ubi
817 3231 942 3305 primum
956 3229 1154 3305 magistram

228 3325 373 3402 ingressus
404 3339 457 3396 est,
485 3323 541 3381 alia
570 3323 668 3380 omnia
695 3321 750 3379 sibi
771 3341 838 3381 curn
862 3321 975 3396 collega
999 3329 1089 3389 ratus,
1120 3317 1154 3374 ad

227 3413 345 3487 bellum,
370 3416 447 3490 quod
467 3425 600 3492 gesturus
622 3423 694 3485 erat,
722 3413 850 3470 animum
880 3410 1012 3468 intendit.
1062 3408 1154 3486 Igiuu

226 3504 360 3561 diffidens
380 3506 468 3564 veteri
488 3505 638 3576 exercitui,
652 3503 757 3561 milites
771 3500 917 3580 (eligere)
931 3501 1072 3571 scribere,
1086 3515 1156 3575 prse-

228 3592 303 3654 sidia
325 3595 452 3670 undique
481 3613 645 3661 arcessere:
677 3611 765 3667 arma,
795 3591 864 3668 tels,
884 3610 976 3676 equos
998 3600 1029 3656 et
1057 3599 1157 3657 orlon
