2656 4276
468 322 634 364 sinuosum
655 322 817 365 sisinnii.
1063 302 1105 364 25

168 464 400 540 opportunitates
421 482 623 539 corrumpere3
649 465 737 536 lacto,
758 483 817 521 non
838 462 982 535 consulto,
1003 461 1105 522 intuli

169 555 302 630 periculo
320 574 392 630 opus
413 574 495 626 esse3
517 573 615 630 seque,
630 556 655 612 si
675 555 762 630 pauci
777 556 953 631 adjuvarent,
967 553 1105 630 languen-

170 645 249 702 tibus
264 645 337 718 aliis‚
353 647 491 721 impetum
510 647 665 704 incuriam
687 646 837 703 facturum.
879 645 910 702 N
913 656 994 703 ature
1013 645 1104 717 ferox,

170 735 337 808 vehemens,
365 755 452 793 manu
478 747 627 813 promptus
650 746 729 807 eret;
753 754 919 794 maxumum
943 736 1051 796 bonum
1073 735 1105 796 in

172 825 324 884 celeritate
343 828 470 900 putabat.

214 915 325 975 XLIV.
355 917 413 974 Sed
440 918 622 996 Allobroges,
644 937 681 977 ex
707 927 854 994 precepto
878 917 1042 990 Ciceronis,
1054 935 1105 994 per

174 1005 333 1064 Gabinium
360 1017 471 1066 ceteros
503 1010 699 1080 conveniunt;
736 1011 771 1068 eb
799 1010 935 1080 Lentulo,
963 1007 1105 1085 Cethego,

174 1097 300 1170 Statilio,
316 1097 385 1156 item
399 1100 511 1172 Cassio,
525 1101 672 1176 postulant
688 1101 900 1177 jusjurandum,
915 1099 991 1174 quod
1011 1099 1107 1176 signa-

174 1197 235 1244 tum
251 1188 286 1246 ad
301 1189 373 1246 civis
392 1191 553 1267 perferant:
575 1191 657 1248 aliter
676 1191 753 1248 haud
773 1191 859 1248 facile
872 1209 923 1248 eos
944 1191 979 1250 ad
992 1200 1105 1248 tantum

174 1279 324 1355 negotium
344 1280 454 1353 impelli
473 1299 567 1356 posse.
608 1281 708 1338 Ceteri
728 1281 800 1336 nihil
816 1282 996 1355 suspicantes
1016 1280 1105 1342 daut:

174 1368 295 1426 Cassius
316 1381 406 1427 semet
427 1389 464 1426 eo
491 1370 571 1426 brevi
595 1379 749 1426 venturum
768 1370 932 1443 pollicetur,
955 1389 989 1426 ac
1008 1371 1107 1445 paullo

174 1469 244 1516 ante
264 1460 376 1533 legatos
402 1477 439 1514 ex
464 1459 537 1514 urbe
556 1457 759 1530 proficiscitur.
807 1457 949 1513 Lentulus
969 1476 1036 1514 cnm
1062 1459 1109 1516 bis

174 1548 214 1606 Τ.
230 1547 417 1605 Volturcium
438 1547 602 1621 quemdam,
617 1546 848 1619 Crotoniensem,
867 1546 965 1617 mittit,
984 1556 1016 1604 ut
1029 1547 1110 1606 Allo-

174 1638 281 1715 broges
294 1637 384 1712 prius,
399 1655 485 1714 quam
500 1637 617 1694 domum
631 1646 794 1712 pergerent,
809 1655 876 1694 oum
890 1636 1027 1710 Catilina,
1042 1637 1110 1698 data

175 1739 262 1804 etque
277 1738 396 1803 accepta
410 1728 476 1800 lide,
488 1727 658 1784 societatem
669 1727 881 1786 confirmarent
916 1726 982 1806 Ipse
992 1729 1109 1787 Voltur·

174 1820 224 1878 oio
232 1819 342 1877 litteras
354 1819 388 1876 nd
399 1819 556 1876 Catilinam
565 1817 624 1889 dat,
633 1836 754 1892 quarum
765 1818 927 1894 exemplum
938 1818 1013 1876 infra
1021 1819 1109 1896 serip-

175 1920 237 1968 tum
251 1921 311 1969 est:
337 1910 430 1972 “Qui
451 1910 516 1981 sim,
532 1928 568 1968 ex
588 1927 624 1966 eo
645 1909 781 1983 quemad
803 1907 922 1980 tamisi,
938 1927 1107 1985 cognosces.

175 2001 238 2060 Fac
258 2001 379 2077 cogites,
401 2001 432 2058 in
452 2011 560 2074 quanta
579 2000 744 2058 calamitate
764 1999 813 2071 sis,
838 2009 868 2056 et
893 2000 1060 2058 memineris
1079 2010 1108 2060 te

175 2091 271 2149 virum
298 2109 377 2160 esse;
409 2091 585 2162 consideres,
613 2091 683 2164 quid
706 2101 763 2148 tue
791 2091 918 2148 rationes
942 2092 1106 2167 postulent,·

177 2182 316 2240 auxilium
330 2190 411 2257 petas
425 2181 461 2238 ab
482 2181 626 2253 omuibus,
640 2181 727 2238 etiam
743 2181 778 2238 ab
794 2181 928 2239 intimis.’'
970 2183 1017 2238 Ad
1038 2182 1106 2256 hoo,

176 2272 312 2333 mandata
332 2271 427 2329 verbis
440 2271 505 2328 dat:
528 2278 644 2346 “quum
667 2273 703 2329 ab
725 2283 826 2330 senatu
847 2272 938 2330 hostis
958 2273 1106 2349 judicatus

177 2363 224 2436 sit,
238 2383 296 2438 quo
310 2363 433 2420 consilio
453 2362 569 2420 servitia
589 2363 740 2438 repudietl
769 2364 799 2421 in
820 2365 893 2421 urbe
912 2373 1013 2438 paratu
1032 2382 1105 2436 esse,

176 2472 240 2529 quae
256 2453 390 2529 jusserit:
412 2471 449 2510 ue
464 2463 617 2510 cunctetur
631 2453 692 2530 ipse
705 2454 824 2528 propius
838 2453 1006 2512 accedere.''

217 2544 310 2602 XLV.
338 2544 395 2602 His
427 2545 514 2602 rebus
548 2544 589 2602 ita
623 2544 705 2613 actis,
723 2543 893 2630 ⁸constituta
917 2552 1016 2612 nocte,
1050 2561 1109 2616 qua

176 2634 437 2710 proficiscerentur,
459 2634 576 2703 Cicer0,
596 2651 648 2707 per
668 2632 779 2706 legatos
799 2639 908 2687 cuncte
927 2630 1058 2700 edoctus,
1073 2630 1106 2689 L.

177 2723 298 2786 Valerio
318 2723 425 2781 Flacco
439 2734 468 2782 et
488 2724 523 2781 C.
537 2721 703 2797 Pomptino,
717 2720 899 2796 praetoribus,
918 2719 1050 2796 imperat,
1064 2720 1108 2780 uti

177 2813 210 2874 iu
236 2824 324 2888 ponte
356 2813 468 2872 Mulvio
501 2831 553 2889 per
580 2812 700 2870 insidias
733 2811 927 2888 Allobrogum
954 2811 1108 2872 comitatus

177 2905 414 2980 deprehendant:
439 2923 500 2962 rem
527 2922 643 2962 omnem
666 2903 766 2978 sperit,
791 2903 874 2979 cujus
898 2903 991 2980 gratie
1014 2905 1110 2964 mitte-

177 2995 299 3056 bantur:
332 3006 439 3067 oetera,
459 2995 502 3052 uti
523 2995 601 3052 facto
620 3013 692 3069 opus
712 2995 759 3066 sit,
781 2994 821 3054 ita
842 3005 938 3070 agant,
958 2995 1106 3070 permittit.

175 3085 223 3143 Illi
245 3086 377 3144 homines
396 3085 545 3158 militares,
559 3086 622 3144 sine
638 3085 764 3142 tumultu
783 3084 925 3162 presidiis
946 3081 1107 3154 collocatis,

176 3175 263 3234 sicuti
283 3186 460 3253 preceptum
479 3186 552 3248 eret,
566 3176 683 3234 occulte
700 3185 819 3250 pontem
840 3171 986 3230 obsidunt
1026 3170 1109 3228 Post·

176 3283 264 3341 quam
287 3267 323 3324 nd
342 3266 373 3324 id
392 3267 452 3324 loci
472 3266 560 3344 legati
581 3283 649 3322 oum
669 3263 823 3322 Volturcio
836 3277 951 3329 venere,
968 3268 999 3316 at
1021 3258 1108 3318 simul

174 3357 321 3432 utrimque
334 3357 444 3416 clamor
458 3365 577 3416 exortus
590 3364 650 3422 est;
670 3353 759 3424 Galli,
771 3351 830 3408 cito
845 3347 963 3424 cognito
974 3349 1109 3423 consilio,

173 3447 236 3508 sine
266 3467 351 3506 mora
380 3447 552 3524 praetoribus
578 3459 611 3502 se
636 3441 762 3500 tradunt.
811 3437 980 3498 Volturcius
1002 3440 1108 3517 primo,

172 3538 344 3606 cohortatus
370 3547 495 3612 ceteros,
523 3535 623 3615 gladio
649 3551 682 3594 se
708 3551 727 3592 a
751 3529 936 3592 multitudiue
961 3531 1107 3602 defendit3
