2656 4276
461 326 625 370 amusan
648 325 810 370 carmus.
1057 309 1100 373 8³

171 469 263 532 uirtus
286 479 371 545 atque
395 468 538 546 sapientia
561 469 652 545 major
677 469 707 528 in
731 469 788 526 illis
801 468 865 542 fuit,
880 467 930 543 qui
949 484 985 527 ex
1005 468 1102 544 parvis
1181 545 1184 550 Ι

172 563 278 638 opibus
301 572 412 619 tantum
435 562 588 636 imperium
612 561 718 632 secere,
733 579 818 633 quarn
841 561 871 618 iu
885 561 980 631 nobis,
994 561 1043 635 qui
1065 576 1102 619 ea

174 653 248 712 bene
266 663 346 729 parta
365 653 412 711 vix
432 653 597 710 retinemus
639 652 738 710 Placet
760 652 857 728 igitur,
871 671 921 708 ens
941 651 1057 722 dimitti,
1071 660 1101 710 et

174 745 274 821 augeri
298 745 457 802 exercitum
478 744 632 802 Catilinael
661 744 806 800 minume:
829 744 880 799 sed
907 742 948 800 ita
974 759 1100 813 censeo;

172 835 365 911 publicandas
385 853 484 892 eorum
505 836 652 910 pecunias,
667 835 745 910 ipsos
765 835 796 890 in
818 834 940 890 vinculis
953 833 1102 892 habendus

175 943 228 1000 per
242 925 401 1000 municipia
419 944 481 1000 quae
501 945 633 984 maxume
655 927 760 1002 opibus
781 925 893 994 valent;
915 942 972 980 neu
988 924 1052 997 quis
1066 923 1104 980 de

178 1015 223 1072 his
243 1026 345 1091 postea
369 1017 404 1073 ad
428 1027 558 1074 senatum
582 1018 697 1088 reserat,
712 1035 784 1074 neve
805 1035 873 1073 curn
895 1014 1003 1090 populo
1021 1021 1103 1090 agat:

177 1106 227 1180 qui
241 1107 323 1163 aliter
345 1107 455 1178 lecerit,
469 1118 600 1165 senatum
623 1107 805 1178 existumare,
819 1125 887 1165 eum
909 1115 1011 1164 contra
1031 1121 1104 1163 reru·

176 1197 321 1271 publicam
336 1208 365 1258 et
379 1199 501 1256 salutem
516 1200 644 1256 omnium
659 1199 830 1256 facturum.''

215 1286 281 1345 LII.
321 1288 478 1362 Postquam
514 1289 611 1346 Caesar
641 1290 757 1346 dicendi
791 1289 879 1345 finem
905 1289 986 1361 fecit,
1014 1287 1105 1346 ceteri

177 1379 275 1450 verbo,
306 1379 379 1436 alius
404 1377 463 1447 alii,
487 1377 566 1432 varie
594 1377 846 1434 adsentiebantur:
868 1388 896 1433 at
919 1377 961 1434 Μ.
988 1378 1106 1436 Portius

177 1467 265 1537 Cato,
280 1477 398 1541 rogatus
413 1465 594 1534 sententiam,
610 1465 809 1539 hujuscemodi
824 1466 984 1521 oraticnem
997 1455 1106 1522 habuit.

180 1556 318 1631 “Longe
337 1554 408 1610 mihi
424 1554 480 1610 alia
495 1571 576 1610 mens
594 1564 649 1624 est,
663 1554 763 1610 Patres
781 1555 948 1630 conscripti,
962 1573 1051 1630 quum
1063 1572 1109 1612 res

180 1658 267 1722 atque
300 1645 431 1721 pericula
457 1654 558 1702 nostra
583 1645 746 1716 considero,
775 1655 803 1703 et
832 1665 921 1720 quum
951 1646 1109 1704 sententias

179 1737 386 1795 nonnullorum
409 1735 470 1810 ipse
494 1753 610 1792 mecum
633 1745 744 1811 reputo.
785 1737 833 1793 Illi
855 1737 926 1793 mihi
940 1737 1110 1795 disseruisse

180 1827 314 1886 videntur
338 1826 374 1884 de
397 1845 485 1902 poena
508 1845 618 1898 eorum,
642 1827 692 1902 qui
715 1827 824 1903 patriae,
848 1828 1026 1902 parentibus,
1055 1826 1111 1886 aris

181 1929 268 1994 atque
296 1918 369 1976 focis
396 1919 465 1989 suis,
491 1919 599 1976 bellum
619 1937 776 1993 paravere:
797 1937 843 1976 res
878 1929 974 1976 autem
1001 1926 1109 1990 monet,

181 2027 285 2070 cavere
308 2010 428 2079 abillis,
451 2009 570 2088 (magis)
593 2029 688 2084 quarn,
705 2010 775 2085 quid
797 2011 827 2068 in
852 2009 917 2067 illos
941 2019 1109 2083 statuamus,

181 2100 357 2160 consultare.
399 2099 477 2157 Nam
498 2110 595 2158 cetera
613 2101 757 2159 maleficia
779 2111 841 2159 tum
861 2119 1043 2177 persequare,
1058 2099 1109 2160 ubi

182 2191 260 2252 facta
279 2201 365 2260 sunt;
387 2189 454 2262 hcc,
474 2191 531 2248 nisi
551 2193 709 2268 provideris
729 2211 766 2250 ne
788 2193 911 2265 accidat,
933 2194 982 2250 ubi
1003 2193 1109 2265 evenit,

183 2282 288 2341 frustra
295 2281 406 2358 judicia
417 2281 567 2357 implorem
589 2294 673 2360 capta
684 2285 765 2355 urbe,
777 2285 847 2342 nihil
857 2285 889 2342 lit
899 2285 1002 2359 reliqui
1016 2284 1109 2342 victis.

184 2372 253 2444 Sed,
266 2393 317 2448 per
340 2373 410 2430 deos
434 2373 618 2431 immortalis!
647 2393 768 2452 vosego
790 2377 912 2451 adpelle,
927 2377 977 2450 qui
998 2391 1111 2450 semper

185 2464 295 2535 domos,
310 2464 401 2534 villas,
416 2464 508 2540 signa,
523 2465 635 2524 tabulas
648 2475 757 2522 vestras
774 2467 865 2540 pluris
879 2484 963 2539 quam
979 2465 1114 2541 rempub·

185 2553 272 2614 licam
303 2554 429 2614 fecistis:
463 2555 487 2612 si
515 2555 580 2626 ista,
605 2557 813 2630 cujuscumque
846 2555 926 2610 modi
954 2557 1021 2624 sint,
1050 2571 1116 2626 quaa

188 2645 398 2720 amplexamini,
412 2646 549 2716 retinere,
564 2646 589 2701 si
609 2644 803 2719 voluptatibus
816 2643 918 2700 vestris
932 2643 1024 2699 otium
1045 2659 1116 2717 prae·

186 2736 258 2794 bere
291 2736 392 2806 voltis3
434 2735 669 2812 expergiscimini
704 2733 868 2808 aliquando,
902 2743 931 2791 et
973 2733 1116 2811 capessite

187 2826 402 2901 rempublicam.
456 2827 526 2884 Non
554 2827 647 2904 agitur
674 2825 711 2884 de
735 2826 934 2903 vectigalibus,
955 2845 1050 2902 neque
1079 2826 1117 2886 de

187 2917 332 2975 sociorum
357 2919 488 2994 injuriis:
510 2919 627 2975 libertas
640 2928 669 2975 et
685 2917 780 2976 anima
793 2928 891 2977 nostra
905 2919 935 2976 in
954 2920 1044 2978 dubio
1062 2929 1114 2978 est.

188 3009 404 3084 Saepenumero,
435 3009 535 3066 Patres
561 3009 730 3085 conscripti,
759 3011 849 3068 multa
880 3012 968 3068 verba
1001 3012 1032 3066 in
1059 3011 1116 3065 hoc

186 3099 288 3158 ordine
312 3099 386 3168 seci3
417 3119 493 3175 soepe
511 3101 547 3158 de
571 3101 685 3158 luxuria
705 3112 792 3176 atque
815 3101 933 3158 avaritia
954 3108 1118 3156 nostrorum

189 3188 296 3248 civium
310 3202 427 3265 questus
440 3209 514 3262 sum,
528 3193 691 3266 multosque
711 3191 841 3249 mortalis
854 3208 890 3246 ea
904 3205 1006 3244 caussa
1020 3185 1119 3242 advor-

189 3297 238 3338 sus
251 3279 360 3350 habe03
382 3281 431 3355 qui
456 3282 527 3338 mihi
546 3292 631 3356 atque
652 3281 749 3338 animo
767 3297 833 3337 meo
856 3277 964 3334 nullius
981 3291 1119 3348 umquam

188 3369 288 3428 delicti
310 3373 434 3447 gratiam
462 3372 605 3440 fecissem,
633 3369 711 3425 haud
738 3369 824 3425 sacile
852 3367 968 3424 alterius
995 3365 1119 3424 lubidini

187 3462 343 3521 malefacta
377 3462 588 3519 condonabam.
643 3459 714 3531 Sed,
748 3476 784 3515 es
816 3457 930 3515 tametsi
961 3475 1012 3514 vos
1039 3456 1120 3532 parvi

186 3553 369 3637 pendebatis,
404 3561 501 3613 tamen
534 3551 698 3636 respublica
737 3549 820 3612 firma
852 3559 929 3622 erat3
973 3547 1122 3633 opulentia
