2682 4268
234 371 296 436 tot
519 385 685 440 eunoun
705 383 888 430 monensi.

230 547 329 608 quere,
342 539 425 588 vetus
437 527 584 601 nobilitas,
597 529 739 606 majorum
753 527 838 587 t'ortia
858 526 944 600 laeta,
965 537 1161 606 eognatornrn

229 631 260 682 et
273 621 410 678 adfinium
425 638 504 695 opes,
526 620 623 678 multe
646 619 798 690 clientela,
818 618 918 676 omnia
940 618 1005 676 bueo
1024 620 1161 695 presidio

230 712 354 771 adsunt:
374 711 446 773 mihi
459 730 526 787 spes
547 729 649 769 omnes
672 711 704 768 in
725 719 831 767 memet
855 708 928 781 sitae,
943 727 1015 784 quas
1037 728 1160 772 necesse

229 811 275 862 est
293 802 409 873 virtute,
429 812 460 860 et
479 802 649 860 innocentia
668 801 775 859 tutari:
795 818 864 858 nam
885 800 941 858 alia
955 801 1068 859 infirma
1080 805 1157 862 sdnt

230 891 270 952 Et
284 892 355 950 illud
369 892 516 970 intellego,
528 892 672 965 Quirites,
691 891 822 950 omnium
835 907 887 948 ora
906 891 937 948 in
957 909 1004 949 me
1018 909 1161 953 convorsa

231 999 314 1043 esse:
345 1003 443 1060 requos
467 985 616 1059 bonosque
640 983 754 1040 farere:
783 981 889 1058 quippe
915 999 981 1039 mea
1007 982 1160 1042 benefaota

230 1075 398 1151 reipublicae
411 1075 588 1150 procedunt;
610 1074 791 1132 nobilitatem
804 1073 902 1131 looum
916 1073 1072 1131 invadendi
1084 1092 1159 1150 que·

231 1181 303 1223 rere.
343 1165 416 1225 Quo
436 1165 507 1222 mihi
528 1164 624 1221 aerius
645 1164 833 1223 adnitendum
853 1173 906 1236 est,
928 1163 971 1220 uti
995 1181 1089 1238 neque
1108 1181 1160 1223 ros

231 1253 397 1329 oepiamini,
409 1264 439 1311 et
452 1254 493 1312 illi
508 1253 612 1312 frustra
625 1254 692 1312 sint.
733 1253 780 1312 Ita
788 1255 824 1312 ad
837 1254 895 1311 boe
907 1254 998 1312 artatis
1010 1253 1161 1329 spueritia

230 1342 284 1416 tui,
298 1354 331 1402 ut
343 1345 439 1401 omnis
458 1345 582 1416 labores,
601 1345 732 1421 perieulr
752 1355 892 1402 eonsueta
911 1345 1041 1402 habeam.
1081 1343 1160 1406 Que

232 1445 299 1494 aute
320 1435 567 1503 testrabenefioia
587 1435 712 1513 gratuito
736 1435 887 1508 faciebam,
909 1453 946 1492 ea
966 1435 1019 1506 uti,
1041 1443 1160 1510 aooepta

232 1526 377 1598 mercede,
401 1525 543 1597 deseram,
567 1544 627 1584 non
651 1535 695 1584 est
718 1526 883 1597 eonsilium,
906 1524 1049 1587 Quirites.
1098 1523 1160 1584 Illis

232 1615 351 1675 difficile
365 1625 409 1674 est
424 1617 454 1673 in
467 1617 657 1692 potestatibus
667 1627 838 1692 temperare,
848 1615 897 1691 qui
910 1635 961 1691 per
973 1615 1160 1674 ambitionem
1232 1670 1234 1675 .
1321 1675 1322 1684 ,

232 1723 297 1764 sese
317 1708 425 1781 probos
446 1707 636 1765 simulavere:
667 1707 749 1778 mihi,
773 1707 823 1783 qui
849 1723 966 1764 omnem
989 1715 1103 1764 etatem
1129 1705 1160 1764 in

232 1797 360 1872 optumis
374 1797 483 1855 artibus
496 1797 554 1875 egi,
569 1796 740 1856 benefacere
761 1798 820 1873 jam
842 1813 879 1854 ex
898 1797 1110 1855 consuetudine
1129 1795 1160 1856 in

232 1897 365 1945 naturam
379 1889 474 1946 vortit.
516 1887 629 1946 bellom
643 1906 691 1946 me
705 1905 806 1966 gerere
819 1905 887 1945 oum
902 1887 1046 1964 Jugurths
1062 1886 1161 1963 jussis·

231 1977 287 2047 us3
303 1997 387 2053 quarn
399 1997 460 2036 rem
471 1979 608 2038 nobilitas
618 1996 776 2056 aegerrume
790 1978 863 2036 tulit.
897 1980 1019 2050 Quaeso,
1030 1987 1160 2054 reputate

234 2084 302 2126 euru
318 2069 421 2126 animis
434 2070 546 2142 vestris,
560 2089 630 2128 num
644 2070 674 2127 id
688 2069 792 2128 mutari
806 2068 912 2127 melius
925 2069 972 2140 sit,
987 2071 1012 2126 si
1026 2087 1111 2143 quem
1126 2085 1160 2127 ex

234 2155 285 2216 illo
312 2159 400 2234 globo
422 2160 582 2218 nobilitatis
607 2161 642 2218 ad
670 2161 736 2232 hoo,
764 2169 814 2218 aut
838 2160 915 2218 aliud
935 2159 992 2218 tale
1012 2159 1159 2237 negotium

234 2245 364 2318 mittatis,
386 2248 533 2306 hominem
553 2249 658 2307 veteris
676 2251 817 2326 prosapiae
838 2269 873 2308 ao
893 2251 1047 2308 multarum
1062 2248 1161 2328 imagi·

234 2353 314 2407 num,
328 2346 359 2392 et
371 2336 478 2393 nullius
491 2338 643 2413 stipendii:
665 2339 778 2398 soilioet
791 2350 823 2399 ut
837 2341 867 2398 in
881 2350 961 2398 tanta
980 2359 1022 2411 re,
1044 2340 1160 2417 ignarus

234 2425 375 2498 omnium,
402 2426 536 2502 trepidet,
564 2428 690 2501 festinet,
718 2440 813 2488 sumat
841 2431 965 2506 sliquem
992 2449 1029 2488 ex
1053 2429 1161 2507 populo

234 2517 407 2577 monitorem
422 2519 511 2576 offioii
533 2519 586 2578 sui.
627 2520 673 2578 Ita
693 2521 863 2597 plerumque
888 2522 994 2592 euenit,
1018 2531 1060 2593 ut,
1075 2538 1162 2597 quem

234 2627 286 2668 vos
300 2609 441 2686 imperare
452 2609 587 2687 jussistis,
602 2611 627 2668 is
640 2611 696 2668 sibi
711 2611 912 2688 imperatorem
935 2613 1022 2672 ulium
1042 2621 1160 2686 querat.

235 2699 333 2776 Atque
347 2719 403 2779 ego
426 2702 499 2774 soio,
518 2702 661 2774 Quirites,
685 2703 735 2778 qui
755 2713 907 2778 postquam
928 2702 1073 2761 Consules
1092 2701 1161 2762 steti

233 2801 313 2862 sunt,
341 2801 405 2849 aeta
431 2793 582 2868 majorum,
609 2803 639 2850 et
662 2793 833 2851 Graeoorum
860 2793 996 2851 militaria
1017 2802 1163 2868 praeoepta

234 2878 332 2954 legere
358 2881 521 2954 ooeperiut3
554 2883 721 2957 preposteri
748 2883 889 2945 homines.
944 2883 1022 2941 Nam
1050 2899 1161 2960 gerere,

234 2985 321 3042 quem
342 2967 415 3039 fieri,
439 2977 568 3044 ternpore
591 2959 744 3046 posterius,
766 2991 799 3032 re
823 2983 909 3050 atque
930 2993 985 3032 usu
1008 2974 1088 3049 prius
1108 2983 1159 3031 est.

234 3057 409 3134 Comparate
435 3077 525 3132 nuno,
550 3060 694 3134 Quirites,
724 3081 792 3124 oum
818 3064 934 3123 illorum
961 3063 1163 3140 superbiente

234 3147 382 3210 hominem
407 3169 523 3209 norum.
576 3151 655 3214 Quae
682 3153 724 3211 illi
752 3155 851 3213 audire
877 3163 906 3212 et
932 3154 1030 3230 legere
1056 3152 1161 3224 solent,

233 3257 335 3299 eorum
348 3241 452 3317 partim
465 3241 535 3315 vidi,
550 3241 606 3302 alia
619 3254 735 3320 egomet
748 3245 843 3322 gessi:
864 3263 929 3320 quae
943 3243 985 3301 illi
999 3241 1113 3315 litteris,
1128 3259 1163 3302 et

233 3347 290 3407 ego
313 3327 465 3391 militando
488 3332 587 3392 didioi.
634 3333 724 3394 Nune
745 3353 797 3392 ros
820 3334 1001 3405 existumare,
1024 3333 1102 3390 faeta
1126 3349 1162 3391 an

233 3419 313 3478 diota
338 3421 433 3502 pluris
455 3423 522 3482 sint.
570 3423 770 3483 Contemnunt
791 3425 948 3483 novitatem
969 3441 1064 3482 meam
1076 3442 1084 3493 ;
1106 3439 1162 3500 ego

234 3505 348 3566 illorum
363 3513 526 3588 ignaviam:
547 3514 618 3571 mihi
632 3514 756 3587 fortuna,
771 3514 828 3570 illis
840 3513 947 3588 probra
958 3513 1161 3590 objectantur3

232 3613 406 3675 quamquam
429 3621 485 3680 ego
508 3613 640 3661 naturam
663 3621 750 3662 unam
770 3613 800 3665 st
823 3619 1008 3663 communem
1030 3601 1163 3663 omnium
