2656 4276
461 380 623 423 smnusrn
643 381 825 424 tuscanas.
1061 363 1106 426 ta

172 537 226 596 per
251 519 320 593 vim,
346 539 440 598 neque
464 521 586 592 insidiis,
611 523 734 599 opprimi
761 540 845 598 posse
871 522 1017 580 hominem
1044 525 1113 582 tam'

176 622 326 686 acceptum
344 613 545 688 popularibus;
568 615 645 687 quod
660 625 722 670 erat
733 613 876 690 Iugurtha
889 633 977 671 manu
991 633 1104 691 promp·
1160 615 1167 625 '

173 710 221 758 tus
243 713 273 758 et
300 703 436 778 adpetens
459 704 558 780 gloriae
580 699 723 775 militaris,
751 705 849 764 statuit
870 723 936 762 eum
957 706 1104 782 objectare

173 793 321 866 periculis,
335 805 364 851 et
384 813 420 850 eo
441 796 526 852 modo
548 796 693 853 fortunam
712 805 861 871 temptare.
902 795 1005 872 Igitur,
1027 797 1104 856 bello

174 881 510 960 Numantino,Micipsa,
519 905 607 961 quum
617 887 724 962 populo
733 885 871 944 Romano
879 888 1008 960 equitum
1018 897 1106 962 arque

174 973 304 1048 peditum
327 975 429 1033 auxilia
449 978 583 1048 mitteret,
605 997 735 1052 sperans,
757 977 801 1034 vel
822 977 995 1034 ostentando
1018 978 1105 1035 virtu·

174 1071 243 1134 tem,
258 1065 302 1121 rel
320 1065 446 1144 postium
460 1069 579 1139 sevitia,
594 1069 680 1126 facile
693 1085 761 1126 eum
778 1085 961 1138 occasurum,
975 1067 1106 1144 prefecit

174 1152 310 1212 Numidis
324 1170 395 1232 quos
410 1158 440 1215 in
455 1158 626 1234 Hispaniam
647 1160 787 1216 mittebat.
830 1159 889 1216 Sed
909 1177 1004 1217 cares
1018 1159 1105 1236 longo

175 1244 265 1316 aliter,
278 1266 327 1304 *ac
352 1259 431 1305 ratus
457 1260 529 1318 erat,
553 1250 656 1307 evenit.
711 1249 788 1306 Nam
811 1249 964 1326 Iugurtha,
983 1260 1021 1308 ut*
1042 1259 1105 1308 erat

173 1335 297 1412 impigro
325 1347 409 1410 atque
432 1338 493 1394 acri
515 1339 643 1412 ingenio,
664 1339 714 1396 ubi
739 1350 871 1396 naturam
893 1340 926 1397 P.
946 1340 1104 1414 Scipionis,

172 1429 298 1501 quitum
313 1426 459 1482 Romanis
473 1427 637 1498 imperator,
651 1437 681 1482 et
694 1445 803 1484 morem
817 1428 941 1484 hostiurn
953 1429 1105 1502 cognovit3

172 1517 267 1573 multo
293 1516 403 1583 labore,
437 1515 585 1586 multaque
609 1532 689 1583 cura,
722 1525 859 1589 preterca
887 1517 1107 1576 modestissume

171 1607 315 1683 parendo,
343 1616 372 1663 at
399 1623 474 1679 saepe
502 1604 616 1660 obviam
643 1604 740 1660 eundo
765 1604 913 1678 periculis,
940 1606 971 1663 in
998 1617 1108 1665 tantam

173 1697 379 1755 claritudinem
411 1695 489 1752 brevi
522 1705 700 1770 pervenerat,
727 1705 760 1752 ut
789 1697 895 1753 nostris
923 1697 1108 1756 vehementer

174 1805 270 1858 carus,
285 1787 474 1844 Numantinis
487 1803 622 1843 maxumo
636 1785 737 1844 terrori
751 1796 835 1845 essct.
875 1787 923 1845 A'c
937 1807 1016 1858 sane,
1030 1789 1108 1863 quod

174 1877 386 1936 difficillumum
409 1877 439 1934 in
462 1877 563 1952 primis
582 1887 637 1947 est,
659 1886 689 1934 et
712 1878 812 1952 prelio
827 1887 963 1936 strenuus
982 1888 1055 1948 erat,
1079 1887 1109 1937 ct

156 1969 267 2026 'bonus
288 1969 425 2038 consilio;
447 1986 569 2042 quorum
585 1969 704 2025 alterum
719 1987 754 2024 ex
768 1969 946 2042 providentia
963 1969 1106 2043 timorem,

175 2059 299 2117 alterurn
312 2077 349 2115 ex
363 2060 485 2115 audacia
504 2059 695 2116 temeritatem
711 2058 822 2117 adferre
835 2059 1003 2135 plerumque
1024 2060 1112 2120 sorau

174 2149 270 2226 Igitur
285 2150 438 2226 imperator
459 2149 552 2205 omnis
573 2149 632 2206 sere
653 2166 699 2205 res
724 2168 839 2224 asperas
858 2169 909 2226 per
931 2151 1106 2228 Iugurtham

175 2259 271 2317 agere,
283 2239 313 2295 in
326 2239 427 2296 amicis
441 2240 556 2309 habere,
568 2240 661 2315 magis
672 2240 821 2317 magisque
835 2241 864 2298 in
878 2241 940 2299 dics
952 2241 1103 2318 amplecti;

174 2331 280 2406 quippe
307 2330 390 2405 cujus
416 2348 509 2404 neque
533 2330 697 2401 consilium,
721 2349 815 2404 nequa
842 2332 988 2408 inceptum
1013 2333 1106 2391 ullum

176 2420 280 2478 lrustra
293 2429 362 2478 erat.
405 2419 472 2476 Huc
488 2421 644 2478 accedebat
661 2421 859 2479 munificentia
873 2423 971 2492 animi,
986 2433 1015 2478 et
1027 2423 1107 2498 inge·

176 2511 218 2570 nii
232 2511 366 2580 sollertia,
381 2510 444 2584 quis
466 2511 551 2568 rebus
565 2511 621 2568 sibi
636 2509 740 2568 multos
753 2529 790 2568 ex
810 2509 952 2568 Romanis
970 2510 1106 2568 familiari

178 2602 304 2659 amicitia
324 2601 520 2676 conjunxerat.

215 2691 298 2748 VIII.
326 2691 371 2748 Ea
397 2700 568 2766 tempestate
595 2689 625 2746 in
649 2689 778 2746 exercitu
804 2697 904 2746 nostro
927 2687 1008 2744 firere
1029 2703 1109 2744 com·

175 2782 279 2860 plures,
290 2782 358 2839 novi
374 2791 458 2857 atquc
472 2780 594 2849 nobiles,
605 2779 709 2854 quibus
722 2779 829 2836 divitiae
843 2779 918 2836 bono
929 2779 1109 2853 honestoque

175 2874 302 2950 potiores
316 2883 408 2943 erant,
430 2871 552 2942 factiosi,
573 2870 652 2928 dorni
673 2880 816 2945 potentes,
831 2871 904 2947 apud
923 2871 1020 2928 socios
1033 2869 1106 2948 clarr

176 2965 277 3040 magis,
306 2981 391 3038 quarn
419 2963 550 3020 honesti:
584 2962 633 3036 qui
661 2961 812 3039 Iugurtha
842 2981 899 3020 non
926 2962 1105 3020 mediocrem

176 3055 303 3112 animum
325 3053 513 3129 pollicitando
540 3053 748 3123 accendebant,
764 3053 788 3109 si
811 3051 936 3128 Micipsa
951 3067 1007 3109 rex
1027 3049 1095 3134 occi

175 3145 275 3218 disset,
288 3145 359 3216 sore,
375 3145 416 3202 uti
431 3144 509 3201 solus
524 3143 636 3218 imperii
651 3142 799 3200 Numidiae
816 3143 976 3216 potiretur:
998 3139 1028 3193 in
1043 3137 1109 3210 ipso

173 3253 338 3294 maxumam
366 3236 510 3304 virtutem,
537 3233 642 3290 Rornae
669 3234 768 3289 omnia
792 3230 906 3287 venalia
931 3243 1004 3282 esse.
1046 3223 1107 3282 Sed

170 3337 336 3406 postquam,
358 3325 521 3383 Numantia
542 3323 647 3393 deleta,
667 3321 700 3378 Ρ.
722 3320 823 3393 Scipio
840 3317 985 3374 dimittere
1000 3313 1107 3372 auxilia

168 3429 199 3480 ct
213 3419 276 3497 ipse
287 3418 397 3476 revorti
412 3417 530 3472 domurn
542 3411 688 3478 decrevit;
709 3409 847 3466 donatum
859 3415 943 3480 atqua
957 3404 1106 3466 laudatum

166 3511 328 3590 magnifice
342 3525 396 3584 pro
410 3503 555 3563 concione
569 3498 741 3577 Iugurtham
753 3498 783 3554 in
796 3495 963 3578 pretorinm
976 3495 1105 3570 abduxit,

164 3604 267 3683 ibique
278 3607 398 3660 secreto
409 3594 531 3664 monuit,
542 3599 561 3626 “
572 3593 613 3650 uti
626 3590 723 3668 potius
736 3589 863 3666 publice,
873 3603 959 3665 quam
972 3586 1107 3664 privatim
