2656 4276
453 387 616 436 amusan
638 390 820 438 souuerse.
1055 376 1095 436 71

167 535 353 595 vehementer
374 551 508 605 accensa,
526 535 652 592 terrebat
672 553 739 594 eum
763 535 898 606 clamore,
917 535 1005 606 voltu,
1020 554 1097 612 sape

169 626 279 702 impetu
291 636 376 700 atque
387 624 451 682 aliis
461 625 606 697 omnibus,
617 645 681 700 quae
692 626 735 683 ira
746 623 808 683 fieri
823 637 908 697 amat,
921 625 990 684 vicit
999 637 1096 686 tamen

168 715 355 791 impudentia
407 715 452 772 Ita
472 716 595 790 populus
615 716 741 774 ludibrio
763 716 876 773 habitus
894 735 930 774 ex
953 717 1096 778 concione

168 805 303 876 decedit;
325 806 343 862 J
345 806 475 882 ugurtha
486 804 648 880 Bestiaeque
659 817 688 864 et
701 807 815 879 ceteris,
828 826 899 882 quos
913 807 962 866 illa
976 808 1096 883 quaestio

169 896 343 970 exagitabat,
359 896 445 954 animi
466 907 633 973 augescunt.

211 986 341 1044 XXXV.
370 986 439 1044 Erat
459 1005 494 1044 ea
514 997 684 1063 tempestate
702 987 807 1044 Roma
819 987 949 1045 Numida
969 983 1096 1062 quidam,

170 1076 288 1134 nomine
308 1076 444 1148 Massiva,
464 1077 596 1136 Gulussa
616 1078 704 1149 filius,
721 1077 884 1136 Masinissa
904 1097 1013 1152 nepos3
1035 1079 1096 1153 qui,

171 1167 247 1240 quia,
270 1168 300 1224 in
324 1167 503 1226 dissensione
526 1187 636 1244 regum,
660 1168 810 1244 Jugurthae
832 1169 969 1226 advorsus
992 1169 1095 1243 fuerat,

170 1257 267 1315 dedita
280 1254 363 1315 Cirta
380 1269 410 1315 et
423 1259 589 1316 Adherbale
609 1259 772 1329 interfecto,
786 1260 924 1336 prologus
944 1279 980 1318 ex
993 1261 1095 1320 Africa

171 1347 287 1404 abierat.
329 1348 409 1405 Huic
424 1348 473 1420 Sp.
488 1347 624 1416 Albinus,
638 1347 686 1420 qui
701 1366 840 1421 proxumo
855 1368 931 1406 anno
948 1361 1013 1424 post
1027 1352 1095 1410 Bes·

169 1436 238 1494 tiam
261 1455 330 1493 cum
350 1436 391 1494 Q.
414 1435 548 1490 Minucio
570 1434 652 1490 Rufo
681 1436 862 1492 consulatum
887 1439 1014 1511 gerebat,
1033 1459 1097 1514 per·

168 1526 283 1594 suadet,
298 1523 435 1596 quoniam
453 1539 490 1578 ex
513 1522 601 1595 stirpe
624 1521 786 1578 Masinissae
805 1524 851 1593 sit,
866 1523 1039 1599 Jugurtham
1058 1529 1097 1586 ob

169 1615 283 1676 scelera
294 1612 403 1670 invidia
416 1629 484 1669 cum
501 1621 580 1668 metu
600 1620 737 1687 urgueat3
759 1631 879 1688 regnum
893 1613 1041 1672 Numidiae
1061 1617 1099 1674 ab

170 1716 273 1764 senatu
293 1713 379 1779 petat.
421 1702 533 1759 Aridus
547 1703 647 1759 consul
663 1701 730 1759 belli
741 1703 873 1778 gerundi,
884 1722 1000 1762 movere
1012 1725 1097 1780 quam

171 1813 323 1856 senescere
344 1793 442 1851 omnia
462 1792 602 1851 malebat:
623 1792 679 1868 ipsi
698 1793 849 1867 provincia
862 1794 1019 1864 Numidia;
1041 1795 1098 1854 Mi·

171 1886 260 1946 nucio
292 1884 467 1942 Macedonia
493 1892 634 1942 evenerat.
687 1883 765 1945 Quae
788 1895 940 1959 postquam
971 1884 1098 1944 Massiva

172 1976 281 2053 agitare
302 1975 399 2050 coepit,
421 1992 515 2049 neque
536 1972 687 2050 Jugurthae
706 1973 737 2030 in
760 1974 861 2031 amicis
883 1974 952 2032 satis
971 1975 1097 2050 presidii

170 2077 224 2138 est,
239 2067 317 2141 quod
330 2083 430 2121 eorum
451 2065 539 2122 alium
560 2064 747 2135 conscientia,
764 2065 851 2122 alium
875 2065 950 2122 mala
973 2065 1048 2123 fama
1068 2076 1098 2126 et

169 2157 259 2218 timor
281 2154 468 2229 impediebat3
490 2153 656 2224 Bomilcari,
669 2172 810 2229 proxumo
830 2173 864 2212 ac
886 2173 1018 2214 maxume
1038 2157 1097 2216 fido

170 2246 237 2318 sibi,
260 2245 390 2320 imperat,
412 2251 430 2278 “
441 2243 545 2320 pretio,
566 2243 652 2302 sicuti
673 2245 764 2302 multa
786 2246 961 2318 confecerat,
981 2247 1097 2306 insidia·

170 2346 248 2396 tores
269 2335 401 2393 Massiva
414 2344 504 2410 paret,
526 2353 561 2392 ac
574 2351 707 2392 maxume
726 2337 858 2406 occulte3
879 2337 925 2394 sin
945 2337 974 2394 id
994 2356 1097 2413 parum

171 2426 318 2501 procedat,
332 2425 532 2501 quovismodo
549 2424 708 2482 Numidam
727 2425 907 2484 interliciat.'’
949 2427 1096 2486 Bomilcar

171 2525 283 2574 mature
301 2516 378 2592 regis
398 2515 533 2572 mandata
552 2515 735 2588 exsequitur:
756 2525 795 2586 et,
809 2534 859 2589 per
881 2515 1012 2572 homines
1031 2517 1098 2576 talis

172 2605 280 2682 negotii
302 2605 436 2676 artifices,
451 2604 556 2661 itinera
574 2621 763 2678 egressusque
781 2605 852 2678 ejus,
866 2613 1011 2676 postremo
1031 2605 1098 2662 loca

174 2705 257 2770 etque
270 2705 399 2771 tempora
419 2703 526 2751 cuncta
545 2693 689 2767 explorat:
709 2692 825 2763 deinde,
839 2693 888 2748 ubi
909 2710 955 2748 res
973 2693 1098 2768 postule·

173 2785 231 2857 bat,
248 2787 366 2844 insidias
385 2785 486 2843 tendit.
527 2783 620 2859 Igitur
640 2802 715 2842 unus
736 2801 772 2840 ex
793 2801 829 2839 eo
849 2801 970 2841 numero
990 2783 1038 2859 qui
1061 2784 1097 2844 ad

173 2877 281 2934 umdem
294 2878 385 2951 parati
399 2885 490 2946 erant,
504 2874 601 2950 paullo
615 2873 806 2944 inconsultius
820 2873 976 2932 Massivam
998 2875 1098 2953 adgre-

172 2967 259 3037 ditur,
278 2967 358 3024 illum
372 2967 541 3024 obtruncat:
563 2964 613 3026 scd
628 2964 689 3040 ipse
702 2965 907 3040 deprehensus,
921 2967 1019 3025 multis
1033 2967 1098 3026 hor·

173 3057 308 3127 tentibus,
320 3067 349 3114 et
362 3056 502 3131 imprimis
517 3055 626 3114 Albino
640 3055 770 3127 consule,
785 3056 925 3114 indicium
938 3057 1096 3130 profitetur.

172 3147 221 3205 Fit
231 3166 298 3205 reus
319 3147 410 3223 magis
423 3165 460 3204 ex
472 3165 555 3220 oeqno
568 3147 711 3222 bonoque,
724 3165 810 3222 quam
828 3165 864 3203 ex
881 3147 946 3220 jure
967 3143 1098 3220 gentium

172 3236 328 3308 Bomilcar,
343 3255 442 3294 comes
461 3237 532 3312 ejus,
547 3236 597 3309 qui
611 3236 738 3294 Romam
758 3235 815 3292 fide
834 3234 952 3308 publica
971 3241 1096 3292 venerat.

172 3327 214 3385 At
230 3327 384 3405 Jugurtha
397 3327 566 3385 manifestus
586 3325 658 3381 tanti
676 3324 804 3393 sceleris,
825 3339 884 3378 non
903 3319 983 3395 prius
1001 3320 1099 3382 omisit

172 3427 386 3477 controversam
400 3418 465 3488 niti,
476 3433 562 3491 quam
583 3414 710 3471 animum
733 3411 864 3481 advortit,
878 3429 964 3485 supra
977 3410 1099 3486 gratiam

172 3518 257 3584 atque
269 3509 425 3585 pecuniam
438 3523 520 3564 suam
540 3504 677 3562 invidiam
690 3497 760 3558 sacti
773 3518 845 3557 esse.
885 3501 986 3576 Igitur,
1001 3519 1099 3578 quem·

171 3616 259 3678 quarn
286 3598 434 3676 inpriore
454 3597 569 3656 actione
595 3613 632 3654 ex
658 3589 759 3652 amicis
779 3590 987 3670 quinquaginta
1011 3593 1099 3656 rades
