2656 4276
221 359 244 426 6
509 377 670 422 sssnusru
691 375 853 422 canimus,

222 537 355 582 maxume
375 520 542 596 negotiosus
562 531 639 591 erat;
667 521 814 597 ingenium
835 535 921 576 nemo
940 516 1002 574 sine
1023 531 1146 592 corpore

222 613 390 682 exercebat3
416 621 550 685 optumus
573 612 694 686 quisque
719 611 823 680 facere,
846 627 930 683 quam
956 607 1069 676 dicere3
1092 625 1146 665 sua

224 702 260 760 ab
284 701 347 760 aliis
368 702 520 760 benefacta
542 702 666 773 laudari,
684 719 770 775 quam
791 701 852 778 ipse
873 699 995 756 aliorum
1015 715 1144 770 narrare,

222 792 354 851 malebat.

262 881 317 940 IX.
345 883 437 960 Igitur
459 883 538 942 domi
561 882 728 956 militiaeque
749 881 819 939 boni
840 897 935 936 mores
959 879 1143 948 colebantur;

223 975 380 1032 concordia
390 992 532 1044 maxuma,
547 973 676 1030 minauna
690 971 807 1027 avaritia
821 978 900 1038 erat;
919 970 966 1044 jus
979 969 1145 1042 bonumque

223 1065 299 1140 apud
314 1083 374 1135 eos,
389 1081 447 1121 nou
461 1061 574 1137 legibus
587 1062 679 1136 magis
693 1077 778 1133 quam
789 1069 902 1130 natura,
916 1059 1037 1115 valebat.
1078 1058 1096 1114 J
1099 1074 1146 1114 ur·

222 1153 281 1230 gia,
308 1153 477 1222 discordias,
505 1151 674 1220 simultates,
702 1168 770 1206 cum
794 1149 925 1206 hostibus
951 1149 1144 1205 exercebantt

223 1241 302 1300 cives
316 1260 382 1298 cum
396 1241 508 1298 civibus
521 1242 557 1298 de
571 1241 675 1298 virtute
689 1240 856 1296 certabant:
872 1239 902 1296 in
916 1238 1064 1314 suppliciis
1078 1238 1145 1294 deo·

222 1347 288 1389 rum
301 1331 457 1407 magnifici,
469 1330 548 1387 domi
560 1330 651 1404 parci,
666 1329 696 1385 in
709 1329 817 1386 amicos
830 1329 929 1386 fideles
943 1337 1031 1384 erant.
1066 1327 1145 1384 Dua·

223 1419 278 1480 bus
305 1420 350 1477 bis
377 1421 495 1492 artibus,
523 1419 646 1478 audacia
671 1420 701 1476 in
728 1419 815 1489 bello,
842 1418 893 1475 ubi
919 1437 975 1492 pax
996 1426 1144 1500 ¹evenerat,

223 1511 368 1587 equitate,
392 1529 480 1586 seque
503 1529 621 1585 remque
642 1510 789 1587 publicam
812 1510 963 1594 curabant,
1010 1507 1145 1570 Quarum

223 1619 320 1660 rerum
333 1620 388 1679 ego
399 1619 532 1660 murima
545 1604 720 1660 documenta
732 1601 795 1658 haec
809 1601 902 1657 babeo
910 1621 917 1670 ;
933 1599 1010 1674 quod
1024 1599 1054 1656 in
1069 1599 1146 1656 bello

224 1692 330 1764 sapius
348 1691 525 1746 vindicatum
548 1701 591 1747 est
611 1691 642 1747 in
662 1708 721 1761 eos,
743 1690 792 1763 qui
813 1698 915 1747 contra
934 1690 1086 1765 imperium
1114 1687 1145 1746 in

224 1778 336 1839 hostem
355 1789 561 1857 pugnaverant,
575 1779 680 1855 quique
699 1779 818 1850 tardius,
832 1780 969 1850 revocati,
987 1779 1085 1853 praelio
1100 1796 1147 1836 ex-

195 1883 204 1896 ·
224 1881 381 1944 cesserant,
404 1888 491 1974 quam
514 1871 561 1946 qui
587 1871 670 1947 signa
695 1870 867 1944 relinquere,
889 1880 947 1941 aut,
967 1869 1051 1944 pulsi,
1079 1869 1147 1927 loco

224 1964 330 2020 cedere
351 1962 412 2019 ausi
432 1971 531 2031 erant3
553 1962 583 2018 in
596 1978 669 2035 pace
682 1977 760 2029 vero,
781 1961 859 2032 quod
879 1959 1037 2032 beneficiis,
1059 1977 1144 2034 quam

225 2061 315 2122 metu,
330 2051 480 2126 imperium
495 2051 650 2128 agitabant,
664 2059 702 2122 et,
719 2058 837 2126 accepta
851 2050 965 2126 injuria,
984 2051 1146 2176 ignoscere,

226 2157 312 2216 vam
325 2143 467 2218 persequi,
481 2144 634 2201 malebant.
1184 2135 1189 2145 ’

265 2230 304 2288 X.
332 2232 401 2304 Sed,
426 2234 476 2289 ubi
499 2234 597 2291 labore
622 2244 706 2308 atque
727 2234 838 2312 justitia
858 2231 1021 2308 respublica
1042 2231 1167 2304 crevits

225 2337 310 2398 reges
323 2323 419 2398 magni
433 2324 509 2381 bello
523 2324 634 2396 domiti,
649 2325 781 2383 nationes
795 2326 872 2395 ferae,
887 2333 916 2380 et
928 2321 1026 2398 populi
1045 2321 1146 2397 ingen·

225 2419 271 2469 tes
297 2413 325 2469 ri
352 2414 473 2485 subacti,
502 2414 657 2491 Carthago,
682 2417 786 2474 amula
808 2414 921 2490 imperii
945 2411 1084 2481 Romani,
1110 2409 1146 2468 ab

226 2501 316 2577 stirpe
335 2502 454 2575 interiit,
475 2514 582 2562 cuncta
601 2506 693 2562 maria
712 2515 851 2579 terraque
870 2504 1025 2579 patebant;
1047 2501 1148 2558 saevire

226 2591 366 2666 Fortuna,
391 2614 425 2654 ac
443 2595 566 2654 miscere
587 2596 693 2668 omnia,
718 2595 813 2672 coepit.
853 2595 917 2656 Qui
930 2595 1052 2663 labores,
1074 2590 1148 2666 peri·

226 2683 303 2756 cula,
330 2685 433 2743 dubias
455 2697 540 2761 atque
565 2705 678 2761 asperas
702 2703 748 2743 res
771 2678 856 2742 facile
878 2685 1080 2752 toleraverant,
1102 2681 1148 2738 bis

227 2775 329 2844 otium,
350 2775 467 2844 divitiae,
488 2777 620 2848 optandae
643 2775 716 2844 aliis,
744 2775 827 2830 oneri
852 2775 1032 2846 miseriaeque
1059 2773 1147 2830 suere.

227 2860 321 2936 Igitur
334 2861 427 2932 primo
440 2863 581 2934 pecuniae,
602 2861 708 2914 deinde
728 2861 840 2932 imperii
861 2861 967 2932 cupido
987 2862 1093 2915 crevit:
1115 2879 1151 2920 ea

228 2949 310 3026 quasi
324 2948 458 3006 materies
471 2947 600 3005 omnium
612 2947 751 3001 malorum
763 2946 850 3000 fuere.
882 2945 1017 3017 Namque
1033 2949 1151 3008 avaritia

228 3039 325 3111 fidem,
338 3039 521 3114 probitatem,
536 3045 704 3107 ceterasque
719 3043 793 3090 artes
807 3033 898 3090 bonas
913 3034 1071 3106 subsortit;
1096 3057 1150 3114 pro

228 3130 284 3203 his,
319 3127 492 3205 superbiam,
521 3123 730 3193 crudelitatem,
765 3122 835 3179 deos
861 3123 1025 3200 neglegere,
1052 3127 1151 3186 omnia

229 3222 343 3280 venalia
356 3221 472 3287 habere,
493 3213 629 3272 edocuit:
651 3212 770 3270 ambitio
790 3213 895 3271 multos
915 3216 1043 3274 mortalis
1064 3217 1151 3276 falsos

229 3311 293 3371 fieri
307 3309 438 3385 subegit3
460 3305 537 3363 aliud
551 3304 681 3379 clausum
702 3303 732 3362 in
752 3314 880 3380 pectore,
902 3306 980 3364 aliud
1000 3307 1031 3364 in
1051 3308 1151 3384 lingua

229 3410 394 3477 promptum
413 3396 519 3452 habere
529 3415 537 3466 ;
560 3393 700 3453 amicitias
719 3395 953 3473 inimicitiasque,
973 3416 1032 3456 non
1053 3417 1089 3455 er
1108 3413 1150 3469 rc,

230 3488 283 3546 red
304 3506 340 3544 ex
362 3486 525 3558 commodo,
549 3497 717 3558 aestumare3
749 3488 897 3564 magisque
921 3489 1039 3559 voltum,
1065 3503 1152 3560 quam

231 3578 381 3658 ingenium
394 3577 502 3638 bonum
512 3580 627 3638 habere.
660 3578 734 3636 Haec
746 3579 840 3655 primo
852 3579 998 3656 paullatim
1011 3595 1151 3650 crescere,
