2656 4276
213 352 258 418 56
496 369 659 414 emonam
680 367 860 414 incurras.

213 511 343 572 munda
353 509 650 570 etobedientiarunt:
669 529 727 585 quo
738 509 852 568 fecilior
861 506 1007 576 sociorum
1022 506 1141 584 injurios

213 619 315 662 curare
347 603 424 660 licet.
474 601 604 660 Tantum
632 601 702 658 illud
729 618 838 671 vereor,
866 617 904 656 ne
930 615 1004 673 quos
1030 599 1142 673 privata

213 691 342 750 amicitia
374 691 536 768 Iugurthae,
562 709 663 765 parum
695 690 822 767 cognita,
849 700 1028 746 transvorsos
1055 697 1140 766 aget:

212 799 285 860 quos
306 800 361 859 ego
380 782 466 840 sudio
491 799 623 838 maxuma
643 799 698 856 ope
718 781 782 850 niti,
804 779 923 849 ambire,
949 777 1069 854 fatigare
1089 793 1140 836 ros

212 872 352 949 singulos,
367 891 404 930 ne
424 872 494 946 quid
508 871 545 928 de
559 872 686 941 absente,
702 869 850 945 incognita
865 886 970 926 caussa
989 867 1138 926 statuatis:

212 961 322 1040 fingere
335 981 381 1020 me
396 963 484 1020 verba
496 971 525 1019 et
543 962 640 1037 sugam
654 961 799 1030 simulare,
814 958 863 1016 cui
875 958 991 1016 licuerit
1004 958 1035 1014 in
1048 974 1139 1035 regno

212 1071 338 1112 manere
371 1051 463 1114 Quod
478 1052 585 1108 utinam
597 1051 687 1121 illum,
700 1050 782 1126 cujus
793 1048 882 1124 impio
893 1048 1032 1118 facinore,
1044 1048 1075 1106 in
1088 1048 1139 1106 has

212 1142 342 1200 miserias
354 1141 499 1215 projectus
517 1157 591 1210 sum,
613 1139 714 1196 eadem
728 1139 791 1198 haec
812 1139 994 1198 simulantem
1009 1138 1137 1208 videam
1186 1149 1195 1176 0

212 1241 242 1290 et
262 1229 415 1306 aliquando
439 1239 488 1287 aut
512 1227 587 1304 apud
610 1247 670 1300 vos,
695 1238 744 1285 aut
773 1229 849 1305 apud
870 1229 941 1286 deos
971 1227 1139 1286 immortalis

211 1337 307 1380 rerum
326 1319 514 1377 humanarum
532 1337 603 1376 cora
623 1319 748 1377 oriatur:
777 1337 821 1376 ιιι)
843 1318 901 1389 ille,
915 1317 965 1392 qui
986 1337 1065 1375 nunc
1079 1335 1140 1376 soe·

210 1409 320 1470 letibus
343 1410 403 1468 suis
427 1409 507 1468 ferox
528 1419 612 1484 atque
642 1409 798 1485 praeclarus
821 1418 874 1479 cst,
899 1408 1034 1466 omnibus
1055 1407 1138 1466 malis

212 1500 404 1572 excruciatus,
419 1500 573 1576 impietatis
590 1499 620 1556 in
641 1495 790 1574 parentem
813 1509 952 1570 nostrum,
973 1498 1068 1556 fratris
1082 1496 1138 1556 roei

212 1591 303 1663 necis,
318 1609 501 1667 mearumque
515 1590 694 1648 miseriarum
708 1591 802 1667 gravis
815 1607 914 1665 poenas
927 1589 1036 1647 reddat.
1072 1589 1137 1648 Jam

215 1681 285 1758 jam,
301 1681 396 1752 frater,
409 1681 506 1738 auimo
519 1698 585 1738 meo
598 1680 764 1752 carissume,
779 1697 951 1755 quamquam
966 1679 1019 1736 tibi
1040 1679 1138 1738 imme·

211 1781 286 1842 turo,
311 1780 341 1829 et
364 1770 441 1830 unde
466 1771 593 1828 minume
616 1769 724 1841 decuit,
744 1770 804 1828 vita
826 1779 925 1844 erepta
947 1779 1008 1839 est;
1041 1779 1137 1828 temen

211 1859 366 1920 letardum
377 1861 478 1938 megin,
493 1880 578 1936 quam
592 1861 747 1920 dolendum
758 1870 829 1937 puto
843 1879 942 1919 casum
956 1870 1057 1930 tuum;
1078 1873 1157 1918 non·

211 1951 289 2010 enim
310 1970 441 2030 regnum,
464 1952 514 2010 sed
534 1951 641 2028 fugam,
655 1951 783 2022 exilium,
805 1961 972 2027 egestatem,
992 1960 1022 2010 et
1043 1949 1136 2008 omnis

211 2039 263 2100 has
283 2061 347 2118 que
365 2060 411 2100 me
430 2053 575 2117 premunt,
597 2060 738 2101 erumnas
756 2059 822 2099 cum
843 2040 939 2098 anima
962 2041 1047 2099 simul
1071 2038 1137 2098 ami·

211 2130 281 2190 sisti.
322 2132 365 2189 At
377 2149 433 2208 ego
445 2132 553 2202 infelix,
565 2132 594 2189 in
607 2142 687 2190 tanta
700 2131 776 2190 mala
787 2131 983 2207 precipitatus
996 2149 1032 2189 er
1045 2130 1137 2206 patrio

211 2237 311 2297 regno,
326 2239 421 2277 rerum
443 2222 632 2279 humanarum
652 2221 849 2296 spectaculum
869 2222 994 2296 praebeo,
1009 2222 1136 2280 incertus

211 2309 280 2386 quid
295 2327 396 2385 agam5
417 2320 519 2367 tuasne
538 2310 655 2385 injurias
674 2329 838 2386 persequar,
850 2311 911 2386 ipse
925 2311 1023 2370 auxilii
1036 2328 1134 2388 egens,

212 2418 248 2458 an
261 2417 352 2476 regno
362 2399 522 2470 consulam,
534 2400 616 2476 cujus
627 2400 691 2458 vitre
702 2401 841 2476 necisque
851 2411 977 2476 potestas
987 2419 1024 2458 er
1033 2401 1136 2476 opibus

212 2489 313 2550 alienis
335 2489 449 2566 pendet.
501 2489 617 2548 Utinam
641 2491 732 2548 emori
757 2490 878 2548 fortunis
905 2491 976 2548 meis
999 2490 1136 2548 honestus

210 2581 304 2640 exitus
324 2590 408 2653 esset,
423 2599 480 2639 neu
501 2581 595 2640 vivere
613 2590 797 2656 contemptus
817 2581 939 2652 viderer,
957 2579 993 2652 si,
1007 2581 1136 2640 defessus

210 2672 303 2744 malis,
318 2672 429 2749 injurie
451 2672 670 2730 concessissem.
710 2671 801 2728 Nunc
820 2689 913 2746 neque
930 2671 1025 2733 virere
1046 2671 1135 2743 lubet,

210 2779 305 2836 neque
326 2763 398 2819 mori
419 2762 489 2819 licet
507 2763 569 2820 sine
591 2761 742 2820 dedecore.
783 2760 884 2820 Patres
904 2760 1072 2834 conscripti,
1085 2775 1136 2836 per

210 2866 271 2920 vos,
291 2868 342 2922 per
364 2850 470 2906 liberos
491 2861 575 2924 atque
598 2861 732 2926 parentes
749 2861 868 2922 vestros,
887 2869 938 2926 per
958 2851 1135 2926 majestatem

209 2929 309 3019 populi
321 2937 447 2994 Romani
457 2939 607 2997 subvenite
619 2941 723 2998 misero
732 2940 820 3011 mihi;
836 2940 876 2998 ite
883 2940 996 3000 obviam
1006 2940 1118 3016 injurie
1125 2959 1134 3014 ς

209 3027 300 3088 nolite
309 3026 369 3104 pati
382 3046 503 3104 regnum
514 3028 543 3085 N
546 3029 671 3101 umidiae,
686 3029 761 3104 quod
775 3041 901 3090 vestrum
912 3041 965 3102 est,
975 3048 1027 3106 per
1041 3030 1136 3092 scelus

210 3129 239 3179 et
249 3118 419 3196 sanguinem
430 3118 545 3176 familias
557 3129 661 3177 nostrae
671 3119 849 3178 tabescere.”

248 3209 317 3268 XV.
351 3210 504 3284 Postquam
519 3227 569 3267 rer
582 3209 669 3267 finem
682 3210 820 3285 loquendi
835 3210 914 3281 fecit,
928 3209 1017 3287 legati
1030 3209 1136 3288 lugur-

209 3297 267 3358 tlrae
287 3298 441 3376 largitione
465 3299 566 3377 magis,
587 3318 673 3374 quam
692 3319 795 3358 caussa
816 3300 892 3372 freti,
905 3300 1007 3376 paucis
1020 3317 1136 3376 respon·

210 3387 296 3448 dent:
311 3389 539 3467 “Hiempsalem
553 3391 591 3450 ob
605 3391 744 3450 saevitiam
758 3408 838 3450 suam
853 3391 889 3446 ab
902 3389 1040 3448 Numidis
1051 3391 1139 3450 inter·

210 3474 337 3533 lectum:
359 3479 553 3538 Adherbalem
568 3481 643 3540 ultro
663 3481 769 3540 bellum
791 3480 972 3552 inferentem,
986 3492 1139 3557 postquam

209 3571 359 3642 superatus
381 3567 428 3639 sit,
451 3570 543 3646 queri,
570 3571 648 3648 qood
670 3569 804 3646 injuriam
827 3567 924 3629 lacere
944 3570 1134 3649 nequivissem
