2656 4276
231 351 276 416 tt
516 369 680 415 amnem
700 371 881 416 monerer.

232 510 264 572 in
288 516 377 570 'manu
405 510 469 584 suit,
490 511 634 590 Iugurtha
657 512 749 588 qualis
775 512 866 583 forem
895 512 931 570 ed
958 530 1009 570 vos
1032 513 1161 592 coniugi,

231 599 334 662 Patres
360 603 528 678 conscripti,
555 604 670 678 quibus,
688 603 765 678 quod
792 603 864 662 mihi
887 603 1089 663 miserrumum
1110 617 1161 679 est,

231 709 323 768 cogor
348 693 429 769 prius
453 693 546 765 oneri,
567 712 653 768 qnam
674 694 740 752 usui
759 711 831 752 eme.
873 693 972 752 Ceteri
995 712 1090 772 reges,
1116 705 1162 754 sut

232 781 309 840 bello
322 783 391 841 victi
406 783 436 841 in
456 784 613 843 amicitiam
629 785 741 842 archis
760 783 869 860 recepti
889 795 966 856 sunt,
982 795 1031 843 sut
1051 786 1082 844 iu
1103 786 1162 844 suis

231 871 329 932 dubiis
355 875 442 932 rebus
463 875 630 944 societatem
654 886 777 933 vestram
805 875 1022 950 adpetiverunt:
1054 875 1162 934 semilis

232 973 332 1023 nostre
340 984 405 1023 curn
415 966 522 1043 populo
530 965 667 1025 Romano
676 966 752 1023 bello
761 965 995 1042 Carthaginiensi
1005 965 1161 1024 amicitiam

231 1053 374 1126 instituit;
405 1074 463 1131 quo
482 1067 612 1131 tempore
635 1057 727 1132 magis
754 1055 826 1113 fides
846 1056 918 1132 ejus,
939 1075 1025 1131 quam
1048 1056 1161 1114 fortuna

231 1145 356 1219 petenda
366 1155 435 1202 erat.
475 1145 611 1206 Quorum
622 1145 790 1221 progeniem
804 1163 865 1217 vos,
879 1146 980 1204 Patres
993 1146 1159 1222 conscripti,

230 1233 322 1292 nolite
347 1235 414 1310 pati
442 1234 503 1312 (me
537 1247 673 1310 nepotem
700 1235 878 1314 Masinissae)
907 1235 1011 1293 frustra
1037 1255 1055 1294 a
1082 1236 1161 1294 vobis

232 1324 370 1382 auxilium
389 1335 497 1400 petere.
538 1326 572 1384 Si
587 1326 622 1384 ad
637 1326 849 1400 impetrandum
866 1325 938 1382 nihil
954 1344 1063 1382 caussae
1078 1327 1161 1383 habe-

231 1431 302 1487 rem,
326 1417 645 1492 pretermiserandsm
673 1417 836 1487 fortunam.;
868 1416 943 1491 qnod
970 1417 1068 1491 paullo
1097 1427 1160 1474 ante

230 1523 292 1578 rex,
313 1525 429 1584 genere,
451 1507 629 1583 sumantque
648 1508 740 1583 copiis
760 1518 872 1582 potens,
887 1525 967 1564 nuno
986 1506 1161 1564 deformatus

231 1598 376 1670 erumnis,
392 1598 484 1674 inops,
497 1600 606 1656 alienas
620 1617 689 1675 opes
703 1608 855 1673 exspecto;
876 1607 972 1654 temen
987 1607 1050 1654 eret
1063 1597 1160 1672 majes-

230 1686 298 1744 tatis
325 1686 454 1746 Romani
483 1689 594 1764 populi,
620 1688 774 1766 prohibere
808 1687 953 1763 injurium,
980 1687 1160 1762 neque-pati

232 1776 401 1852 cujusquam
417 1797 537 1855 reguum
550 1797 601 1854 per
616 1778 712 1836 scelus
728 1795 868 1836 crescere.
910 1777 1021 1834 Verum
1041 1795 1097 1854 ego
1118 1777 1160 1836 nis

231 1865 338 1926 finibus
365 1867 476 1944 ejectus
495 1889 570 1940 sum,
590 1887 663 1944 quos
687 1868 843 1945 majoribus
863 1868 936 1925 meis
955 1867 1078 1943 populus
1101 1868 1160 1926 Ro·

231 1971 334 2016 manus
357 1959 451 2029 dedit3
483 1961 560 2017 unde
586 1969 667 2033 pater
692 1969 721 2015 et
742 1977 810 2015 avus
831 1975 913 2015 meus
932 1977 992 2015 una
1012 1959 1160 2016 vobiscum

230 2049 366 2122 expulere
381 2050 544 2124 Syphacem
557 2060 586 2107 et
600 2047 857 2125 Carthaginiensis.
898 2048 1004 2105 Vestra
1020 2049 1161 2108 beneficis

230 2137 302 2194 mihi
322 2149 421 2213 erepta
442 2151 517 2210 sunt,
539 2141 639 2198 Patres
653 2139 829 2214 conscripti:
858 2157 908 2196 vos
920 2138 950 2196 in
973 2158 1037 2196 mec
1058 2139 1161 2216 injuria

230 2225 360 2301 despecti
381 2229 458 2286 estis.
500 2229 584 2286 Eheu
606 2249 653 2286 me
680 2230 835 2286 miserum!
869 2228 1016 2300 Hucoine‚
1035 2229 1161 2306 Micipsa

230 2326 320 2392 pater,
349 2317 563 2374 beneficiatus
589 2336 715 2389 evasere,
743 2329 784 2390 ut,
803 2337 888 2394 quern
910 2331 941 2377 tu
968 2337 1066 2394 parem
1095 2337 1160 2378 cum

229 2405 339 2478 liberis,
353 2408 491 2484 regnique
505 2408 674 2484 participem
697 2409 800 2481 fecisti,
815 2409 840 2466 is
858 2409 1160 2492 potissumumstirpis

230 2507 287 2556 tute
298 2498 456 2564 exstinctor
467 2499 523 2556 siti
545 2499 750 2574 Numquamne
760 2517 830 2576 ergo
839 2499 949 2556 familia
958 2509 1057 2558 nostra
1064 2501 1161 2576 quieta

229 2588 305 2648 erit‘t
334 2607 490 2665 semperne
517 2590 548 2648 iu
575 2590 727 2667 sanguine,
755 2589 840 2660 ferro,
869 2591 937 2666 suga
963 2591 1159 2649 versabimur?

229 2677 308 2738 Dum
329 2681 586 2758 Carthaginienses
606 2681 767 2738 incolumes
782 2680 871 2751 fuere,
890 2681 954 2755 jure
967 2681 1066 2738 omnia
1085 2699 1160 2741 saeva

220 2770 427 2843 patiebamur:
463 2772 560 2829 hostes
586 2772 624 2828 ab
649 2772 750 2841 latere,
774 2789 825 2826 vos
853 2770 938 2828 amici
958 2771 1070 2845 procul,
1095 2773 1159 2848 sp'es

230 2858 325 2914 omnis
348 2859 378 2914 in
401 2861 488 2916 armis
514 2870 583 2917 erat.
633 2861 786 2934 Postquam
812 2860 861 2917 illc
883 2861 972 2935 pestis
998 2878 1034 2918 ex
1057 2862 1159 2921 Africa

143 3017 148 3025 ι
228 2945 323 3022 ejecta
343 2956 396 3018 est,
417 2947 476 3005 laeti
496 2967 599 3025 pacem
623 2949 821 3025 agitabamus;
853 2951 958 3026 quippe
985 2952 1049 3026 quis
1069 2952 1159 3014 hostis

229 3035 326 3094 nuilus
338 3047 411 3109 erat,
432 3038 489 3095 nisi
510 3038 583 3096 forte
601 3057 687 3113 quern
704 3039 871 3114 jussissetis.
912 3040 993 3098 Ecce
1008 3052 1104 3100 autern
1124 3059 1159 3100 ex

229 3126 395 3204 improviso,
416 3127 571 3205 Iugurtha,
592 3129 773 3188 intoleranda
794 3130 924 3203 audacia,
943 3131 1053 3189 scelere
1074 3142 1158 3208 atque

228 3221 363 3296 superbia
383 3239 445 3278 sese
466 3219 605 3293 ecferens,
621 3220 708 3278 fratre
728 3239 803 3288 meo,
819 3231 903 3296 atque
923 3222 1025 3279 eodem
1043 3223 1158 3299 propin·

228 3327 286 3384 quo
312 3317 366 3370 sno
392 3311 554 3383 interfecto,
580 3311 707 3388 primum
733 3330 855 3388 regnum
881 3311 944 3388 ejus
970 3311 1089 3370 sceleris
1113 3311 1157 3371 sui

228 3401 355 3471 praedans
375 3402 461 3462 t’ecit:
482 3413 556 3478 post,
581 3402 631 3459 ubi
651 3421 697 3460 me
718 3402 810 3460 isdem
830 3401 904 3458 dolis
924 3402 1025 3476 nequit
1042 3420 1156 3478 capere,

229 3485 301 3543 nihil
330 3490 434 3562 minus,
462 3511 554 3567 quam·
575 3493 644 3563 vim,
672 3501 721 3548 aut
747 3490 855 3548 bellum
879 3502 1093 3567 exspectantem
1126 3493 1157 3550 in

228 3572 350 3655 irnperio
373 3591 478 3661 vestro,
505 3582 593 3640 sicuti
618 3581 732 3652 videtis,
757 3589 899 3638 extorrem
925 3581 1028 3658 patria,
1058 3581 1156 3655 domo,
