2656 4276
520 389 685 432 amusan
705 388 888 432 moueant.

247 530 375 592 amicitia
395 529 459 602 luit,
480 529 637 620 adtingere.
678 531 738 590 Sed
760 549 823 606 quae
843 529 910 587 lues
928 537 958 588 et
977 528 1113 590 nationes
1131 531 1170 592 ab

246 621 383 694 odorem,
405 631 454 680 aut
483 623 674 697 asperitatem,
692 622 762 680 item
791 619 971 692 solitudines,
999 621 1097 678 minus
1117 622 1169 680 fra·

244 723 383 788 queutata
395 723 472 784 suut,
486 713 523 770 de
537 713 562 770 is
582 713 658 770 haud
678 712 764 770 fauile
778 721 956 786 compertum
976 711 1166 772 narraverim:

246 813 343 862 uetera
357 822 443 878 quam
465 803 656 880 paucissumis
678 802 830 860 absolvam.
871 799 906 857 In
929 800 1069 858 divisione
1090 801 1168 860 orbis

245 903 328 952 terrie
341 894 469 970 plerique
484 895 514 951 in
528 904 637 970 partem
651 894 764 950 tertiam
779 891 910 949 Africam
927 909 1067 966 posuere:
1082 891 1167 968 pandi

245 985 445 1044 tantummodo
467 985 568 1042 Asiam
592 994 621 1041 et
645 984 789 1059 Europam
812 1001 890 1051 esse3
912 982 962 1041 sed
986 981 1118 1039 Africam
1138 981 1167 1040 iu

247 1075 373 1152 Europa.
416 1076 460 1132 Ea
485 1075 551 1131 finis
576 1075 672 1144 habet,
701 1074 736 1130 ab
763 1072 917 1129 decidente
943 1071 1046 1128 fretum
1077 1069 1165 1130 nostri

246 1166 334 1223 maris
356 1174 385 1221 et
407 1164 527 1232 oeeani;
557 1164 592 1220 ab
615 1173 679 1219 ortu
702 1163 780 1233 solis,
808 1163 948 1220 declivem
975 1162 1166 1234 latitudinem,

245 1271 330 1330 quem
341 1255 438 1310 locum
447 1253 658 1310 Catabathmon
671 1253 772 1309 ineolae
782 1253 934 1328 adpellant.
957 1251 1040 1308 Mare
1050 1269 1165 1324 saevum,

245 1343 470 1420 importuosum:
493 1362 560 1420 ager
575 1343 689 1420 frugum
710 1343 820 1414 fertilis,
836 1345 929 1400 bonus
948 1342 1058 1417 pecori,
1073 1341 1165 1400 arbori

245 1433 437 1493 inleoundus:
469 1435 552 1508 ooelo,
576 1445 709 1509 terraque
732 1433 854 1508 penuria
880 1451 1024 1508 aquarum.
1066 1433 1165 1492 Genus

245 1525 391 1585 hominurn
413 1509 520 1582 salubri
540 1543 670 1601 eorpore,
692 1525 785 1595 velox,
806 1523 918 1599 patiens
938 1524 1088 1582 laborum:
1109 1523 1166 1600 ple·

245 1635 349 1690 rosque
371 1626 505 1672 senectus
526 1615 662 1686 dissolvit,
687 1615 742 1671 nisi
763 1615 812 1688 qui
834 1615 919 1685 ferro,
935 1624 983 1670 aut
1003 1613 1103 1671 bestIis
1125 1614 1165 1672 iu·

244 1706 367 1764 teriere:
398 1724 465 1762 nam
492 1707 609 1762 morbus
642 1706 719 1762 haud
746 1723 821 1780 saepe
847 1723 1019 1780 quemquam
1043 1713 1163 1779 superat

245 1795 293 1852 Ad
314 1796 379 1866 hoo,
400 1795 523 1852 malelioi
551 1795 665 1872 generis
684 1795 808 1870 plurima
836 1795 980 1852 animalia.
1032 1795 1092 1852 Sed
1118 1793 1165 1870 qui

245 1886 380 1944 mortales
394 1886 476 1944 initio
488 1886 618 1944 Africam
634 1885 794 1956 habuerint,
806 1885 912 1960 quique
925 1895 1026 1961 postea
1040 1903 1166 1944 aouesse·

244 1976 312 2046 rint,
328 1986 376 2034 aut
389 1977 532 2052 quomodo
548 1977 623 2034 iuter
642 1994 674 2033 se
693 1975 827 2050 permixti
847 1974 923 2044 sint3
944 1994 1116 2050 quamquam
1131 1975 1165 2033 ab

244 2083 281 2125 ea
302 2066 386 2139 lama,
409 2085 471 2140 que
494 2066 645 2142 plerosque
666 2065 776 2122 obtinet
797 2065 942 2122 divorsum
970 2075 1030 2134 est3
1059 2077 1164 2138 tamen,

244 2156 287 2213 uti
307 2174 343 2212 ex
365 2156 446 2212 libris
467 2156 595 2226 Punicis,
619 2155 668 2230 qui
692 2155 769 2231 regis
787 2153 963 2228 Hiempsalis
984 2154 1163 2226 dicebantur,

244 2244 461 2318 interpretatum
482 2246 566 2301 nobis
581 2255 635 2315 est,
650 2246 749 2318 utique
769 2263 828 2302 rem
843 2263 906 2301 sese
921 2244 1027 2330 habere
1040 2245 1164 2317 eultores

243 2334 306 2410 ejus
326 2344 408 2390 terrm
431 2344 543 2408 putant,
563 2353 648 2409 quam
668 2335 861 2408 paucissumis
884 2334 988 2393 diuam.
1028 2334 1164 2395 Ceterum

243 2424 315 2482 fides
328 2425 390 2500 ejus
403 2426 445 2482 rei
459 2443 548 2500 penes
563 2435 695 2482 auctores
709 2425 771 2482 erit.

283 2515 399 2574 XVIII.
433 2516 565 2574 Africam
593 2515 676 2573 initio
706 2515 833 2572 habuere
860 2515 966 2573 Gaetuli
992 2525 1022 2573 et
1049 2516 1164 2593 Libyes,

243 2607 347 2684 asperi,
362 2607 537 2682 incultique;
559 2606 622 2680 quis
646 2605 728 2663 uibus
742 2615 803 2663 erat
817 2624 885 2662 earo
900 2606 991 2663 ferina
1012 2619 1098 2681 atque
1116 2608 1165 2665 hu·

244 2699 284 2755 mi
303 2699 450 2774 pabulum,
465 2698 507 2755 uti
528 2697 690 2773 pecoribus.
732 2697 772 2753 Hi
796 2715 890 2770 neque
914 2697 1052 2767 moribus,
1073 2715 1165 2772 neque

243 2787 317 2864 lege,
333 2798 381 2844 aut
395 2788 516 2862 imperio
530 2788 699 2862 cujusquam
721 2788 914 2862 regebantur:
936 2787 1010 2863 vagi,
1024 2789 1164 2862 palantes,

243 2892 314 2947 quas
335 2893 389 2930 nox
410 2881 556 2950 coegerat,
578 2876 661 2932 sedes
683 2877 835 2933 habebant.
878 2877 948 2946 Sed,
962 2888 1115 2952 postquam
1135 2878 1164 2936 iu

243 2961 384 3037 Hispania
398 2961 552 3035 Hercules,
567 2963 652 3020 siouti
668 2965 733 3022 Afri
753 2976 865 3039 putant,
886 2966 1006 3038 interiit,
1022 2968 1165 3026 exereitus

242 3051 314 3129 ejus,
336 3052 513 3126 compositus
539 3071 575 3109 ex
598 3053 685 3110 variis
711 3055 855 3130 gentibus,
880 3057 984 3114 amisso
1015 3058 1102 3130 duee,
1131 3074 1165 3116 au

242 3143 348 3220 passim
368 3141 475 3213 multis,
490 3142 545 3199 sibi
566 3142 695 3216 quisque,
718 3144 869 3218 imperium
889 3147 1065 3220 petentibus,
1087 3145 1165 3205 breri

242 3234 386 3292 dilabitur.
427 3231 472 3290 Ea
502 3251 536 3289 eo
563 3251 684 3290 nurnero
711 3232 803 3307 Medi,
830 3236 925 3293 Perse
959 3247 988 3292 et
1020 3236 1163 3308 Armenii,

242 3324 363 3381 navibus
392 3322 421 3380 iu
445 3322 576 3381 Africam
598 3323 764 3396 transvecti,
785 3343 940 3400 proxumos
966 3336 1066 3384 nostro
1094 3325 1165 3384 mari

242 3410 324 3469 loeos
349 3431 537 3487 occupavere.
578 3413 637 3470 Sed
663 3413 759 3471 Persa
786 3415 862 3472 iutra
885 3433 1027 3472 oceanum
1046 3416 1163 3492 'magist

242 3497 329 3570 hique
344 3498 438 3557 alveos
451 3503 566 3559 navium
588 3503 717 3559 invorsos
736 3520 789 3577 pro
809 3504 932 3576 tuguriis
946 3505 1083 3574 habuere,
1098 3502 1165 3578 quia

241 3601 336 3664 neque
350 3589 470 3648 materia
490 3591 520 3650 iu
541 3592 627 3668 agris,
642 3607 735 3670 neque
756 3591 792 3651 ab
813 3591 952 3668 Hispanis
972 3593 1101 3667 emundi,
1116 3601 1165 3656 aut
