2682 4268
461 345 626 398 snmusan
646 353 826 400 mauman.
1046 341 1107 402 107

177 515 283 557 carum
295 506 459 568 metumtot,
474 495 503 554 id
517 513 630 573 semper
644 496 770 568 faciant3
791 507 898 570 ament,
918 507 1036 575 potent3
1057 499 1108 560 ubi

179 588 407 648 adulescentiam
421 588 558 660 habuere,
581 587 622 646 ibi
645 598 826 647 senectutem
844 599 941 667 agant,
961 589 992 648 in
1012 591 1109 650 conri-

179 679 245 750 riis,
259 679 351 736 dediti
365 678 459 736 ventri
473 688 503 736 et
515 677 699 754 turpissume
708 679 784 754 parti
796 681 942 756 corporis3
963 681 1107 754 sudorem,

179 771 327 846 puluerem
341 779 371 827 et
385 769 442 827 alia
455 769 525 827 talia
537 769 703 846 relinquant
715 769 810 842 uobis,
824 771 930 846 quibus
950 772 998 830 itta
1015 773 1110 849 epuiis

185 861 360 938 jocundiora
387 870 462 920 sunt
513 860 624 919 Verum
647 878 708 920 non
730 871 775 920 est
795 862 846 920 ita.
897 861 986 935 Nam,
1006 859 1057 921 ubi
1077 881 1110 922 se

179 950 298 1029 flagitiis
317 951 531 1010 dedecoravere
550 951 719 1028 turpissumi
739 952 805 1024 riri,
828 953 971 1010 bonorum
991 953 1111 1030 praemia

180 1051 312 1120 ereptum
345 1052 424 1101 eunt.
477 1041 525 1102 Ita
551 1042 748 1121 injustissumo
780 1043 894 1102 luxuria
921 1053 951 1102 et
985 1044 1110 1122 ignaria,

179 1150 321 1210 pessume
335 1144 420 1206 artes,
435 1133 502 1207 illis,
517 1135 568 1210 qui
581 1135 699 1194 coluere
713 1153 773 1208 eas,
786 1136 858 1194 nihil
873 1135 1034 1208 obiiciunt,
1055 1135 1111 1193 rei·

178 1224 304 1300 publium
318 1225 444 1283 innoxiae
458 1226 535 1284 cladi
548 1235 623 1285 sunt
664 1225 765 1298 Nunc,
779 1228 915 1302 quoniam
937 1227 1004 1300 illis,
1019 1245 1110 1302 quan·

180 1325 241 1371 tum
255 1333 352 1372 mores
366 1315 436 1385 mei,
449 1333 508 1372 non
522 1315 637 1372 illorum
650 1317 761 1390 flagitia
772 1319 942 1390 poscebant,
963 1318 1109 1392 respondi,

177 1424 275 1482 pauca
288 1405 326 1460 de
339 1403 492 1479 republica
502 1403 612 1476 loquar.
652 1403 783 1460 Primum
796 1406 936 1474 omnium,
957 1406 994 1462 ds
1008 1406 1113 1463 Numi-

179 1496 231 1552 dia
245 1496 356 1551 bonum
371 1493 475 1550 habete
490 1491 628 1563 animum,
641 1491 783 1557 Quirites.
824 1491 913 1563 Nam,
928 1511 991 1566 qun
1006 1494 1041 1550 ad
1056 1494 1113 1552 boo

179 1597 298 1660 tempus
312 1581 486 1660 Jugurtbam
500 1591 593 1640 tutata
606 1591 683 1652 sunt,
698 1581 797 1639 omnia
809 1582 980 1654 removistis,
1002 1583 1115 1642 avariti-

182 1694 241 1748 am,
256 1673 442 1750 imperitiam,
458 1681 543 1748 atque
557 1671 730 1748 superbiam.
771 1671 887 1730 Deinde
908 1674 1053 1732 exercitus
1072 1674 1113 1732 ibi

182 1775 237 1837 est,
251 1765 384 1823 locorum
398 1763 513 1834 soiens3
534 1764 585 1822 sed
594 1763 761 1821 mehercule
770 1763 862 1840 magis
873 1773 1017 1835 strenuus,
1028 1783 1119 1840 quam.
1155 1777 1156 1780 ’

183 1857 261 1914 felix.
312 1855 391 1913 Nam
412 1873 518 1932 magna
543 1870 610 1930 pars
636 1854 699 1930 ejus
724 1854 845 1912 avaritia
871 1864 922 1912 aut
952 1855 1115 1913 temeritate

183 1948 293 2006 ducum
322 1947 426 2004 adtrita
447 1955 500 2004 est.
547 1945 749 2007 Quamobrem
771 1963 833 2018 vos,
855 1945 960 2021 quibus
982 1945 1115 2005 militaris

183 2049 256 2097 astas
277 2046 331 2106 est,
347 2036 511 2092 adnitimini
531 2054 656 2108 mecum,
670 2046 701 2094 et
721 2036 865 2112 capessite
884 2035 1112 2112 rempublicam:

182 2145 282 2203 neque
297 2143 470 2200 quemquam
483 2144 520 2184 ex
533 2127 697 2187 calamitate
706 2128 838 2200 aliorum,
851 2137 899 2186 aut
908 2128 1113 2204 imperatorum

129 2263 131 2266 -
183 2217 322 2295 superbia
343 2225 436 2274 metus
456 2217 573 2293 ceperit.
621 2217 745 2296 Egomet
765 2218 795 2276 in
817 2220 942 2296 agmine,
963 2219 993 2276 in
1013 2220 1114 2294 prelio

184 2307 335 2367 consultor
348 2306 436 2380 idem,
445 2317 474 2365 et
488 2309 585 2368 socius
595 2310 875 2386 periculivobisoum
889 2310 994 2380 adero;
1010 2327 1115 2385 meque
1135 2315 1138 2321 '

185 2416 294 2474 rosque
309 2397 337 2455 in
350 2399 485 2456 omuibus
498 2401 586 2458 rebus
602 2401 686 2476 juata
698 2419 806 2476 geram.
848 2399 887 2456 Et
906 2400 1048 2475 profecto,
1068 2400 1115 2458 dis

191 2489 368 2567 juvantibus,
390 2489 490 2548 omnia
512 2500 626 2547 matura
648 2499 725 2561 sunt,
748 2489 879 2558 victoria,
901 2487 1007 2561 praeda,
1031 2488 1117 2545 laus:

187 2597 251 2656 qum
266 2579 290 2636 si
304 2579 394 2637 dubia
408 2589 458 2637 aut
470 2579 573 2654 procul
588 2581 695 2651 essent,
715 2589 814 2635 tamen
833 2577 928 2634 omnis
948 2578 1041 2634 bonos
1061 2575 1118 2634 rci-¹

185 2671 311 2748 publice
345 2668 499 2728 subvenire
532 2667 663 2726 decebat.
718 2667 836 2724 Etenim
876 2665 991 2742 ignavia
1029 2683 1116 2724 nemo

188 2761 359 2820 immortalis
383 2759 478 2818 factus
501 2769 565 2818 eat:
585 2775 680 2834 neque
704 2757 855 2834 quisquam
878 2775 983 2833 parens
1005 2755 1114 2831 liberis,

187 2852 231 2911 oti
252 2852 353 2910 eterni
376 2851 481 2924 forent,
501 2850 628 2927 optarit3
659 2850 763 2928 magis,
785 2849 828 2908 uti
851 2849 921 2907 boni
945 2849 1116 2926 honestique

187 2943 275 3001 vitam
303 2943 460 3020 exigerent.
511 2942 600 3002 Plura
625 2942 764 3014 dicerem,
789 2941 932 3009 Quirites,
955 2942 979 2999 si
1007 2941 1117 3000 timidis

188 3033 323 3092 virtutem
344 3034 432 3092 verba
450 3034 609 3104 adderent3
636 3053 704 3094 nam
725 3034 849 3092 strenuis
869 3033 985 3092 abunde
1005 3031 1117 3088 dictum

228 3125 287 3180 tou„
404 3129 407 3136 ⁴

186 3143 403 3272 puLXXXVI.
430 3213 643 3292 Hujuscemodi
654 3214 785 3271 oratione
798 3212 906 3281 habita,
918 3207 1030 3268 Marius
1041 3216 1119 3281 post·

187 3323 276 3380 quam
287 3305 392 3380 piebis
413 3307 525 3364 animos
547 3313 672 3362 arrectos
689 3303 777 3373 videt,
797 3317 920 3376 propere
944 3305 1118 3370 commeatu,

188 3395 346 3472 stipendio,
362 3398 458 3470 armis,
474 3397 595 3469 aliisque
615 3391 735 3451 utilibus
753 3391 834 3448 naris
853 3398 970 3447 onerat:
992 3387 1120 3447 cumbis

189 3484 228 3545 A.
253 3486 399 3544 Manlium
418 3487 546 3564 legatum
558 3482 706 3562 proticisci
725 3481 814 3558 jubet.
856 3479 923 3554 Ipse
943 3479 1054 3538 interea
1066 3478 1121 3538 mi·

187 3575 255 3636 lites
276 3577 416 3649 scribere,
437 3595 497 3635 rron
516 3595 598 3634 more
618 3574 770 3652 majorum,
794 3589 889 3648 neque
912 3590 949 3630 ex
968 3569 1120 3641 classibus,
