<?xml version="1.0" encoding="UTF-8"?>
<!DOCTYPE html PUBLIC "-//W3C//DTD XHTML 1.0 Transitional//EN"
    "http://www.w3.org/TR/xhtml1/DTD/xhtml1-transitional.dtd">
<html xmlns="http://www.w3.org/1999/xhtml" xml:lang="en" lang="en">
 <head>
  <title>
</title>
<meta http-equiv="Content-Type" content="text/html;charset=utf-8" />
  <meta name='ocr-system' content='tesseract 3.04.00' />
  <meta name='ocr-capabilities' content='ocr_page ocr_carea ocr_par ocr_line ocrx_word'/>
</head>
<body>
  <div class='ocr_page' id='page_1' title='image "./caiicrispisallu01sallgoog_0054.png"; bbox 0 0 2656 4276; ppageno 0'>
   <div class='ocr_carea' id='block_1_1' title="bbox 226 307 875 374">
    <p class='ocr_par' dir='ltr' id='par_1_1' title="bbox 226 307 875 374">
     <span class='ocr_line' id='line_1_1' title="bbox 226 307 875 374; baseline -0.009 0"><span class='ocrx_word' id='word_1_1' title='bbox 226 307 271 374; x_wconf 78' lang='grc'><strong>86</strong></span> <span class='ocrx_word' id='word_1_2' title='bbox 523 324 688 368; x_wconf 74' lang='lat' dir='ltr'><strong>amoosru</strong></span> <span class='ocrx_word' id='word_1_3' title='bbox 714 323 875 368; x_wconf 75' lang='lat' dir='ltr'><strong>oramina.</strong></span> 
     </span>
    </p>
   </div>
   <div class='ocr_carea' id='block_1_2' title="bbox 228 465 1161 636">
    <p class='ocr_par' dir='ltr' id='par_1_2' title="bbox 228 465 1161 636">
     <span class='ocr_line' id='line_1_2' title="bbox 228 465 1161 544; baseline 0.001 -17"><span class='ocrx_word' id='word_1_4' title='bbox 228 469 289 528; x_wconf 90' lang='lat' dir='ltr'><strong>lom</strong></span> <span class='ocrx_word' id='word_1_5' title='bbox 303 467 382 528; x_wconf 84' lang='lat' dir='ltr'><strong>fecit</strong></span> <span class='ocrx_word' id='word_1_6' title='bbox 422 466 500 525; x_wconf 87' lang='lat' dir='ltr'><strong>Nam</strong></span> <span class='ocrx_word' id='word_1_7' title='bbox 514 467 583 543; x_wconf 90' lang='lat' dir='ltr'><strong>quid</strong></span> <span class='ocrx_word' id='word_1_8' title='bbox 604 485 659 544; x_wconf 86' lang='lat' dir='ltr'><strong>ego</strong></span> <span class='ocrx_word' id='word_1_9' title='bbox 678 468 715 526; x_wconf 90' lang='lat' dir='ltr'><strong>de</strong></span> <span class='ocrx_word' id='word_1_10' title='bbox 728 466 866 537; x_wconf 86' lang='lat' dir='ltr'><strong>Gabioio,</strong></span> <span class='ocrx_word' id='word_1_11' title='bbox 881 465 1007 537; x_wconf 90' lang='lat' dir='ltr'><strong>Statilio,</strong></span> <span class='ocrx_word' id='word_1_12' title='bbox 1022 465 1161 544; x_wconf 78' lang='lat' dir='ltr'><strong>crapario</strong></span> 
     </span>
     <span class='ocr_line' id='line_1_3' title="bbox 228 557 1160 636; baseline 0 -18"><span class='ocrx_word' id='word_1_13' title='bbox 228 560 349 636; x_wconf 91' lang='lat' dir='ltr'><strong>loquarl</strong></span> <span class='ocrx_word' id='word_1_14' title='bbox 369 559 474 635; x_wconf 88' lang='lat' dir='ltr'><strong>quibus</strong></span> <span class='ocrx_word' id='word_1_15' title='bbox 496 560 520 616; x_wconf 89' lang='lat' dir='ltr'><strong>si</strong></span> <span class='ocrx_word' id='word_1_16' title='bbox 541 560 695 634; x_wconf 89' lang='lat' dir='ltr'><strong>quicquam</strong></span> <span class='ocrx_word' id='word_1_17' title='bbox 715 575 852 632; x_wconf 88' lang='lat' dir='ltr'><strong>umquam</strong></span> <span class='ocrx_word' id='word_1_18' title='bbox 869 557 951 632; x_wconf 89' lang='lat' dir='ltr'><strong>pensi</strong></span> <span class='ocrx_word' id='word_1_19' title='bbox 973 558 1085 630; x_wconf 88' lang='lat' dir='ltr'><strong>fuisset,</strong></span> <span class='ocrx_word' id='word_1_20' title='bbox 1101 577 1160 618; x_wconf 89' lang='lat' dir='ltr'><strong>non</strong></span> 
     </span>
    </p>
   </div>
   <div class='ocr_carea' id='block_1_3' title="bbox 229 639 1251 725">
    <p class='ocr_par' dir='ltr' id='par_1_3' title="bbox 229 639 1251 725">
     <span class='ocr_line' id='line_1_4' title="bbox 229 639 1251 725; baseline -0.001 -15"><span class='ocrx_word' id='word_1_21' title='bbox 229 667 267 712; x_wconf 85' lang='lat' dir='ltr'><strong>ca</strong></span> <span class='ocrx_word' id='word_1_22' title='bbox 286 650 410 709; x_wconf 83' lang='lat' dir='ltr'><strong>consilia</strong></span> <span class='ocrx_word' id='word_1_23' title='bbox 432 650 469 708; x_wconf 90' lang='lat' dir='ltr'><strong>de</strong></span> <span class='ocrx_word' id='word_1_24' title='bbox 488 650 637 725; x_wconf 78' lang='lat' dir='ltr'>republica</span> <span class='ocrx_word' id='word_1_25' title='bbox 657 649 832 707; x_wconf 80' lang='lat' dir='ltr'>habuissent.</span> <span class='ocrx_word' id='word_1_26' title='bbox 874 648 1034 720; x_wconf 87' lang='lat' dir='ltr'><strong>Postremo,</strong></span> <span class='ocrx_word' id='word_1_27' title='bbox 1059 649 1160 710; x_wconf 81' lang='lat' dir='ltr'><strong>Patres</strong></span> <span class='ocrx_word' id='word_1_28' title='bbox 1246 639 1251 644; x_wconf 54' lang='grc'><strong>’</strong></span> 
     </span>
    </p>
   </div>
   <div class='ocr_carea' id='block_1_4' title="bbox 230 739 1162 2270">
    <p class='ocr_par' dir='ltr' id='par_1_4' title="bbox 230 739 1161 1890">
     <span class='ocr_line' id='line_1_5' title="bbox 230 739 1160 817; baseline 0 -17"><span class='ocrx_word' id='word_1_29' title='bbox 230 742 400 817; x_wconf 73' lang='lat' dir='ltr'><strong>conscripti,</strong></span> <span class='ocrx_word' id='word_1_30' title='bbox 410 742 435 798; x_wconf 88' lang='lat' dir='ltr'><strong>si</strong></span> <span class='ocrx_word' id='word_1_31' title='bbox 450 742 614 799; x_wconf 78' lang='lat' dir='ltr'><strong>mehercule</strong></span> <span class='ocrx_word' id='word_1_32' title='bbox 625 750 747 816; x_wconf 86' lang='lat' dir='ltr'><strong>peccato</strong></span> <span class='ocrx_word' id='word_1_33' title='bbox 760 740 843 798; x_wconf 85' lang='lat' dir='ltr'><strong>locus</strong></span> <span class='ocrx_word' id='word_1_34' title='bbox 853 750 938 810; x_wconf 87' lang='lat' dir='ltr'><strong>esset,</strong></span> <span class='ocrx_word' id='word_1_35' title='bbox 950 739 1035 798; x_wconf 89' lang='lat' dir='ltr'><strong>facile</strong></span> <span class='ocrx_word' id='word_1_36' title='bbox 1045 751 1160 815; x_wconf 82' lang='lat' dir='ltr'><strong>paterer</strong></span> 
     </span>
     <span class='ocr_line' id='line_1_6' title="bbox 230 831 1160 910; baseline 0 -20"><span class='ocrx_word' id='word_1_37' title='bbox 230 851 282 892; x_wconf 89' lang='lat' dir='ltr'><strong>vos</strong></span> <span class='ocrx_word' id='word_1_38' title='bbox 296 833 358 910; x_wconf 88' lang='lat' dir='ltr'><strong>ipsa</strong></span> <span class='ocrx_word' id='word_1_39' title='bbox 371 851 402 890; x_wconf 87' lang='lat' dir='ltr'><strong>re</strong></span> <span class='ocrx_word' id='word_1_40' title='bbox 417 833 534 909; x_wconf 83' lang='lat' dir='ltr'><strong>corrigi,</strong></span> <span class='ocrx_word' id='word_1_41' title='bbox 549 832 685 907; x_wconf 88' lang='lat' dir='ltr'><strong>quoniam</strong></span> <span class='ocrx_word' id='word_1_42' title='bbox 707 831 795 890; x_wconf 82' lang='lat' dir='ltr'><strong>verba</strong></span> <span class='ocrx_word' id='word_1_43' title='bbox 814 831 1014 900; x_wconf 89' lang='lat' dir='ltr'><strong>contemnitis;</strong></span> <span class='ocrx_word' id='word_1_44' title='bbox 1036 831 1087 888; x_wconf 84' lang='lat' dir='ltr'><strong>sed</strong></span> <span class='ocrx_word' id='word_1_45' title='bbox 1108 851 1160 890; x_wconf 90' lang='lat' dir='ltr'><strong>un·</strong></span> 
     </span>
     <span class='ocr_line' id='line_1_7' title="bbox 231 921 1159 999; baseline -0.003 -15"><span class='ocrx_word' id='word_1_46' title='bbox 231 923 319 999; x_wconf 81' lang='lat' dir='ltr'><strong>dique</strong></span> <span class='ocrx_word' id='word_1_47' title='bbox 330 924 521 982; x_wconf 83' lang='lat' dir='ltr'><strong>circumventi</strong></span> <span class='ocrx_word' id='word_1_48' title='bbox 529 942 636 980; x_wconf 86' lang='lat' dir='ltr'><strong>sumus.</strong></span> <span class='ocrx_word' id='word_1_49' title='bbox 672 923 799 980; x_wconf 79' lang='lat' dir='ltr'><strong>Catilina</strong></span> <span class='ocrx_word' id='word_1_50' title='bbox 809 940 876 979; x_wconf 90' lang='lat' dir='ltr'><strong>cum</strong></span> <span class='ocrx_word' id='word_1_51' title='bbox 888 921 1016 978; x_wconf 83' lang='lat' dir='ltr'><strong>exercitu</strong></span> <span class='ocrx_word' id='word_1_52' title='bbox 1027 922 1159 982; x_wconf 81' lang='lat' dir='ltr'><strong>faucibus</strong></span> 
     </span>
     <span class='ocr_line' id='line_1_8' title="bbox 231 1012 1157 1092; baseline -0.001 -19"><span class='ocrx_word' id='word_1_53' title='bbox 231 1026 334 1092; x_wconf 84' lang='lat' dir='ltr'><strong>urget:</strong></span> <span class='ocrx_word' id='word_1_54' title='bbox 357 1015 406 1073; x_wconf 86' lang='lat' dir='ltr'><strong>alii</strong></span> <span class='ocrx_word' id='word_1_55' title='bbox 420 1015 495 1072; x_wconf 87' lang='lat' dir='ltr'><strong>intra</strong></span> <span class='ocrx_word' id='word_1_56' title='bbox 508 1013 614 1070; x_wconf 85' lang='lat' dir='ltr'><strong>moenia</strong></span> <span class='ocrx_word' id='word_1_57' title='bbox 635 1023 721 1086; x_wconf 90' lang='lat' dir='ltr'><strong>atque</strong></span> <span class='ocrx_word' id='word_1_58' title='bbox 741 1012 771 1069; x_wconf 94' lang='lat' dir='ltr'><strong>in</strong></span> <span class='ocrx_word' id='word_1_59' title='bbox 785 1012 852 1070; x_wconf 89' lang='lat' dir='ltr'><strong>sinu</strong></span> <span class='ocrx_word' id='word_1_60' title='bbox 866 1012 945 1069; x_wconf 85' lang='lat' dir='ltr'><strong>urbis</strong></span> <span class='ocrx_word' id='word_1_61' title='bbox 965 1022 1032 1069; x_wconf 85' lang='lat' dir='ltr'><strong>eunt</strong></span> <span class='ocrx_word' id='word_1_62' title='bbox 1046 1013 1157 1072; x_wconf 81' lang='lat' dir='ltr'><strong>hostes:</strong></span> 
     </span>
     <span class='ocr_line' id='line_1_9' title="bbox 231 1102 1159 1180; baseline 0 -17"><span class='ocrx_word' id='word_1_63' title='bbox 231 1122 327 1179; x_wconf 86' lang='lat' dir='ltr'><strong>neque</strong></span> <span class='ocrx_word' id='word_1_64' title='bbox 337 1104 442 1180; x_wconf 85' lang='lat' dir='ltr'><strong>parari,</strong></span> <span class='ocrx_word' id='word_1_65' title='bbox 452 1121 546 1177; x_wconf 85' lang='lat' dir='ltr'><strong>neque</strong></span> <span class='ocrx_word' id='word_1_66' title='bbox 557 1103 669 1160; x_wconf 90' lang='lat' dir='ltr'><strong>consuli</strong></span> <span class='ocrx_word' id='word_1_67' title='bbox 681 1102 836 1176; x_wconf 88' lang='lat' dir='ltr'><strong>quicquam</strong></span> <span class='ocrx_word' id='word_1_68' title='bbox 847 1112 940 1178; x_wconf 89' lang='lat' dir='ltr'><strong>potest</strong></span> <span class='ocrx_word' id='word_1_69' title='bbox 951 1103 1066 1160; x_wconf 79' lang='lat' dir='ltr'><strong>occulte</strong></span> <span class='ocrx_word' id='word_1_70' title='bbox 1080 1121 1086 1160; x_wconf 94' lang='lat'><strong>:</strong></span> <span class='ocrx_word' id='word_1_71' title='bbox 1101 1121 1159 1179; x_wconf 91' lang='lat' dir='ltr'><strong>quo</strong></span> 
     </span>
     <span class='ocr_line' id='line_1_10' title="bbox 233 1192 1159 1270; baseline 0 -18"><span class='ocrx_word' id='word_1_72' title='bbox 233 1194 327 1270; x_wconf 88' lang='lat' dir='ltr'><strong>magis</strong></span> <span class='ocrx_word' id='word_1_73' title='bbox 350 1194 562 1268; x_wconf 88' lang='lat' dir='ltr'><strong>properandum</strong></span> <span class='ocrx_word' id='word_1_74' title='bbox 586 1202 638 1250; x_wconf 90' lang='lat' dir='ltr'><strong>est.</strong></span> <span class='ocrx_word' id='word_1_75' title='bbox 680 1192 783 1255; x_wconf 82' lang='lat' dir='ltr'><strong>Quare</strong></span> <span class='ocrx_word' id='word_1_76' title='bbox 797 1193 838 1250; x_wconf 91' lang='lat' dir='ltr'><strong>ita</strong></span> <span class='ocrx_word' id='word_1_77' title='bbox 851 1211 906 1270; x_wconf 87' lang='lat' dir='ltr'><strong>ego</strong></span> <span class='ocrx_word' id='word_1_78' title='bbox 920 1211 1045 1251; x_wconf 86' lang='lat' dir='ltr'><strong>censeo:</strong></span> <span class='ocrx_word' id='word_1_79' title='bbox 1070 1213 1159 1268; x_wconf 89' lang='lat' dir='ltr'><strong>quum</strong></span> 
     </span>
     <span class='ocr_line' id='line_1_11' title="bbox 231 1283 1160 1358; baseline -0.001 -15"><span class='ocrx_word' id='word_1_80' title='bbox 231 1283 344 1343; x_wconf 84' lang='lat' dir='ltr'><strong>nelarie</strong></span> <span class='ocrx_word' id='word_1_81' title='bbox 358 1284 481 1342; x_wconf 90' lang='lat' dir='ltr'><strong>consilio</strong></span> <span class='ocrx_word' id='word_1_82' title='bbox 494 1283 699 1342; x_wconf 86' lang='lat' dir='ltr'><strong>sceleratorum</strong></span> <span class='ocrx_word' id='word_1_83' title='bbox 715 1284 822 1342; x_wconf 82' lang='lat' dir='ltr'><strong>civium</strong></span> <span class='ocrx_word' id='word_1_84' title='bbox 836 1284 1000 1358; x_wconf 80' lang='lat' dir='ltr'><strong>respublica</strong></span> <span class='ocrx_word' id='word_1_85' title='bbox 1016 1285 1046 1342; x_wconf 87' lang='lat' dir='ltr'><strong>in</strong></span> <span class='ocrx_word' id='word_1_86' title='bbox 1061 1303 1160 1343; x_wconf 84' lang='lat' dir='ltr'><strong>maxu-</strong></span> 
     </span>
     <span class='ocr_line' id='line_1_12' title="bbox 232 1374 1160 1452; baseline 0 -18"><span class='ocrx_word' id='word_1_87' title='bbox 232 1393 281 1434; x_wconf 90' lang='lat' dir='ltr'><strong>ma</strong></span> <span class='ocrx_word' id='word_1_88' title='bbox 293 1375 424 1452; x_wconf 88' lang='lat' dir='ltr'><strong>pericula</strong></span> <span class='ocrx_word' id='word_1_89' title='bbox 436 1375 557 1447; x_wconf 81' lang='lat' dir='ltr'><strong>venerit,</strong></span> <span class='ocrx_word' id='word_1_90' title='bbox 571 1375 659 1450; x_wconf 81' lang='lat' dir='ltr'><strong>hique</strong></span> <span class='ocrx_word' id='word_1_91' title='bbox 680 1375 790 1433; x_wconf 92' lang='lat' dir='ltr'><strong>indicio</strong></span> <span class='ocrx_word' id='word_1_92' title='bbox 809 1374 847 1432; x_wconf 85' lang='lat' dir='ltr'><strong>T.</strong></span> <span class='ocrx_word' id='word_1_93' title='bbox 863 1375 1009 1432; x_wconf 87' lang='lat' dir='ltr'><strong>Volturcii</strong></span> <span class='ocrx_word' id='word_1_94' title='bbox 1033 1385 1063 1432; x_wconf 87' lang='lat' dir='ltr'><strong>et</strong></span> <span class='ocrx_word' id='word_1_95' title='bbox 1083 1376 1160 1452; x_wconf 86' lang='lat' dir='ltr'><strong>lega·</strong></span> 
     </span>
     <span class='ocr_line' id='line_1_13' title="bbox 232 1466 1158 1544; baseline -0.002 -18"><span class='ocrx_word' id='word_1_96' title='bbox 232 1475 329 1526; x_wconf 88' lang='lat' dir='ltr'><strong>torum</strong></span> <span class='ocrx_word' id='word_1_97' title='bbox 357 1467 560 1544; x_wconf 83' lang='lat' dir='ltr'><strong>Allobrogum,</strong></span> <span class='ocrx_word' id='word_1_98' title='bbox 584 1466 712 1525; x_wconf 85' lang='lat' dir='ltr'><strong>convicti</strong></span> <span class='ocrx_word' id='word_1_99' title='bbox 741 1466 923 1539; x_wconf 80' lang='lat' dir='ltr'><strong>confessique</strong></span> <span class='ocrx_word' id='word_1_100' title='bbox 951 1467 1017 1538; x_wconf 91' lang='lat' dir='ltr'><strong>sint,</strong></span> <span class='ocrx_word' id='word_1_101' title='bbox 1039 1466 1158 1540; x_wconf 76' lang='lat' dir='ltr'><strong>caedem,</strong></span> 
     </span>
     <span class='ocr_line' id='line_1_14' title="bbox 233 1557 1161 1634; baseline 0 -18"><span class='ocrx_word' id='word_1_102' title='bbox 233 1557 380 1629; x_wconf 87' lang='lat' dir='ltr'><strong>incendia,</strong></span> <span class='ocrx_word' id='word_1_103' title='bbox 408 1559 465 1616; x_wconf 89' lang='lat' dir='ltr'><strong>alia</strong></span> <span class='ocrx_word' id='word_1_104' title='bbox 492 1558 568 1616; x_wconf 79' lang='lat' dir='ltr'><strong>foeda</strong></span> <span class='ocrx_word' id='word_1_105' title='bbox 595 1567 679 1634; x_wconf 88' lang='lat' dir='ltr'><strong>atque</strong></span> <span class='ocrx_word' id='word_1_106' title='bbox 707 1557 836 1616; x_wconf 86' lang='lat' dir='ltr'><strong>crudelia</strong></span> <span class='ocrx_word' id='word_1_107' title='bbox 867 1557 997 1615; x_wconf 87' lang='lat' dir='ltr'><strong>facinora</strong></span> <span class='ocrx_word' id='word_1_108' title='bbox 1026 1557 1056 1615; x_wconf 87' lang='lat' dir='ltr'><strong>in</strong></span> <span class='ocrx_word' id='word_1_109' title='bbox 1090 1557 1161 1616; x_wconf 81' lang='lat' dir='ltr'><strong>civis</strong></span> 
     </span>
     <span class='ocr_line' id='line_1_15' title="bbox 233 1647 1161 1725; baseline 0.002 -21"><span class='ocrx_word' id='word_1_110' title='bbox 233 1649 411 1725; x_wconf 74' lang='lat' dir='ltr'><strong>patriamque</strong></span> <span class='ocrx_word' id='word_1_111' title='bbox 431 1649 591 1723; x_wconf 81' lang='lat' dir='ltr'><strong>paravisse3</strong></span> <span class='ocrx_word' id='word_1_112' title='bbox 612 1649 650 1704; x_wconf 90' lang='lat' dir='ltr'><strong>de</strong></span> <span class='ocrx_word' id='word_1_113' title='bbox 669 1647 818 1721; x_wconf 82' lang='lat' dir='ltr'><strong>confessis,</strong></span> <span class='ocrx_word' id='word_1_114' title='bbox 839 1647 925 1704; x_wconf 90' lang='lat' dir='ltr'><strong>sicuti</strong></span> <span class='ocrx_word' id='word_1_115' title='bbox 946 1648 982 1704; x_wconf 90' lang='lat' dir='ltr'><strong>de</strong></span> <span class='ocrx_word' id='word_1_116' title='bbox 1003 1647 1161 1706; x_wconf 83' lang='lat' dir='ltr'><strong>manifestis</strong></span> 
     </span>
     <span class='ocr_line' id='line_1_16' title="bbox 233 1738 1161 1816; baseline 0.002 -20"><span class='ocrx_word' id='word_1_117' title='bbox 233 1755 331 1797; x_wconf 86' lang='lat' dir='ltr'><strong>rerum</strong></span> <span class='ocrx_word' id='word_1_118' title='bbox 356 1738 533 1816; x_wconf 89' lang='lat' dir='ltr'><strong>capitalium,</strong></span> <span class='ocrx_word' id='word_1_119' title='bbox 557 1756 638 1798; x_wconf 89' lang='lat' dir='ltr'><strong>more</strong></span> <span class='ocrx_word' id='word_1_120' title='bbox 664 1739 816 1816; x_wconf 86' lang='lat' dir='ltr'><strong>majorum,</strong></span> <span class='ocrx_word' id='word_1_121' title='bbox 843 1738 1019 1813; x_wconf 92' lang='lat' dir='ltr'><strong>supplicium</strong></span> <span class='ocrx_word' id='word_1_122' title='bbox 1045 1757 1161 1798; x_wconf 88' lang='lat' dir='ltr'><strong>sumen·</strong></span> 
     </span>
     <span class='ocr_line' id='line_1_17' title="bbox 234 1828 332 1890; baseline 0 -32"><span class='ocrx_word' id='word_1_123' title='bbox 234 1828 332 1890; x_wconf 59' lang='lat' dir='ltr'><strong>dmm„</strong></span> 
     </span>
    </p>

    <p class='ocr_par' dir='ltr' id='par_1_5' title="bbox 234 1919 1162 2270">
     <span class='ocr_line' id='line_1_18' title="bbox 274 1919 1160 1998; baseline 0 -18"><span class='ocrx_word' id='word_1_124' title='bbox 274 1921 356 1980; x_wconf 90' lang='lat' dir='ltr'><strong>LIII.</strong></span> <span class='ocrx_word' id='word_1_125' title='bbox 391 1921 548 1998; x_wconf 89' lang='lat' dir='ltr'><strong>Postquam</strong></span> <span class='ocrx_word' id='word_1_126' title='bbox 577 1921 653 1980; x_wconf 82' lang='lat' dir='ltr'><strong>Cato</strong></span> <span class='ocrx_word' id='word_1_127' title='bbox 682 1921 803 1992; x_wconf 85' lang='lat' dir='ltr'><strong>adsedit,</strong></span> <span class='ocrx_word' id='word_1_128' title='bbox 841 1919 1009 1979; x_wconf 85' lang='lat' dir='ltr'><strong>consulares</strong></span> <span class='ocrx_word' id='word_1_129' title='bbox 1050 1937 1160 1995; x_wconf 83' lang='lat' dir='ltr'><strong>omnes,</strong></span> 
     </span>
     <span class='ocr_line' id='line_1_19' title="bbox 234 2012 1161 2090; baseline -0.002 -18"><span class='ocrx_word' id='word_1_130' title='bbox 234 2012 362 2088; x_wconf 86' lang='lat' dir='ltr'><strong>itemque</strong></span> <span class='ocrx_word' id='word_1_131' title='bbox 386 2023 504 2072; x_wconf 85' lang='lat' dir='ltr'><strong>senatus</strong></span> <span class='ocrx_word' id='word_1_132' title='bbox 525 2031 630 2089; x_wconf 88' lang='lat' dir='ltr'><strong>magna</strong></span> <span class='ocrx_word' id='word_1_133' title='bbox 652 2030 728 2088; x_wconf 88' lang='lat' dir='ltr'><strong>pars,</strong></span> <span class='ocrx_word' id='word_1_134' title='bbox 750 2012 921 2070; x_wconf 87' lang='lat' dir='ltr'><strong>sententiam</strong></span> <span class='ocrx_word' id='word_1_135' title='bbox 947 2013 1010 2090; x_wconf 87' lang='lat' dir='ltr'><strong>ejus</strong></span> <span class='ocrx_word' id='word_1_136' title='bbox 1033 2012 1161 2084; x_wconf 90' lang='lat' dir='ltr'><strong>laudant,</strong></span> 
     </span>
     <span class='ocr_line' id='line_1_20' title="bbox 234 2103 1162 2180; baseline 0 -18"><span class='ocrx_word' id='word_1_137' title='bbox 234 2103 369 2162; x_wconf 84' lang='lat' dir='ltr'><strong>virtutem</strong></span> <span class='ocrx_word' id='word_1_138' title='bbox 390 2103 479 2162; x_wconf 88' lang='lat' dir='ltr'><strong>animi</strong></span> <span class='ocrx_word' id='word_1_139' title='bbox 500 2103 536 2162; x_wconf 83' lang='lat' dir='ltr'><strong>ad</strong></span> <span class='ocrx_word' id='word_1_140' title='bbox 556 2103 662 2162; x_wconf 77' lang='lat' dir='ltr'><strong>coslum</strong></span> <span class='ocrx_word' id='word_1_141' title='bbox 683 2103 796 2174; x_wconf 84' lang='lat' dir='ltr'><strong>ferunt3</strong></span> <span class='ocrx_word' id='word_1_142' title='bbox 819 2103 867 2160; x_wconf 88' lang='lat' dir='ltr'><strong>alii</strong></span> <span class='ocrx_word' id='word_1_143' title='bbox 889 2103 961 2160; x_wconf 91' lang='lat' dir='ltr'><strong>alios</strong></span> <span class='ocrx_word' id='word_1_144' title='bbox 981 2104 1162 2180; x_wconf 82' lang='lat' dir='ltr'><strong>increpantes</strong></span> 
     </span>
     <span class='ocr_line' id='line_1_21' title="bbox 234 2192 1161 2270; baseline 0.002 -20"><span class='ocrx_word' id='word_1_145' title='bbox 234 2192 353 2251; x_wconf 90' lang='lat' dir='ltr'><strong>timidos</strong></span> <span class='ocrx_word' id='word_1_146' title='bbox 379 2205 501 2264; x_wconf 84' lang='lat' dir='ltr'><strong>vocant;</strong></span> <span class='ocrx_word' id='word_1_147' title='bbox 533 2194 609 2252; x_wconf 82' lang='lat' dir='ltr'><strong>Cato</strong></span> <span class='ocrx_word' id='word_1_148' title='bbox 635 2213 758 2270; x_wconf 83' lang='lat' dir='ltr'><strong>magnos</strong></span> <span class='ocrx_word' id='word_1_149' title='bbox 785 2205 869 2269; x_wconf 88' lang='lat' dir='ltr'><strong>atque</strong></span> <span class='ocrx_word' id='word_1_150' title='bbox 896 2193 990 2251; x_wconf 82' lang='lat' dir='ltr'><strong>clarus</strong></span> <span class='ocrx_word' id='word_1_151' title='bbox 1023 2193 1161 2264; x_wconf 87' lang='lat' dir='ltr'><strong>habetur;</strong></span> 
     </span>
    </p>
   </div>
   <div class='ocr_carea' id='block_1_5' title="bbox 234 2281 1264 2356">
    <p class='ocr_par' dir='ltr' id='par_1_6' title="bbox 234 2281 1264 2356">
     <span class='ocr_line' id='line_1_22' title="bbox 234 2281 1264 2356; baseline 0.002 -15"><span class='ocrx_word' id='word_1_152' title='bbox 234 2283 327 2341; x_wconf 88' lang='lat' dir='ltr'><strong>senati</strong></span> <span class='ocrx_word' id='word_1_153' title='bbox 339 2282 488 2342; x_wconf 89' lang='lat' dir='ltr'><strong>decretum</strong></span> <span class='ocrx_word' id='word_1_154' title='bbox 502 2285 543 2356; x_wconf 82' lang='lat' dir='ltr'><strong>fir,</strong></span> <span class='ocrx_word' id='word_1_155' title='bbox 554 2284 641 2342; x_wconf 90' lang='lat' dir='ltr'><strong>sicuti</strong></span> <span class='ocrx_word' id='word_1_156' title='bbox 655 2285 704 2342; x_wconf 91' lang='lat' dir='ltr'><strong>ille</strong></span> <span class='ocrx_word' id='word_1_157' title='bbox 715 2295 876 2343; x_wconf 86' lang='lat' dir='ltr'><strong>censuerat.</strong></span> <span class='ocrx_word' id='word_1_158' title='bbox 917 2283 975 2340; x_wconf 88' lang='lat' dir='ltr'><strong>Sed</strong></span> <span class='ocrx_word' id='word_1_159' title='bbox 987 2281 1057 2339; x_wconf 92' lang='lat' dir='ltr'><strong>mihi</strong></span> <span class='ocrx_word' id='word_1_160' title='bbox 1072 2284 1165 2342; x_wconf 87' lang='lat' dir='ltr'><strong>multa</strong></span> <span class='ocrx_word' id='word_1_161' title='bbox 1261 2298 1264 2308; x_wconf 94' lang='grc'><strong><em>·</em></strong></span> 
     </span>
    </p>
   </div>
   <div class='ocr_carea' id='block_1_6' title="bbox 230 2372 1167 3630">
    <p class='ocr_par' dir='ltr' id='par_1_7' title="bbox 230 2372 1167 3630">
     <span class='ocr_line' id='line_1_23' title="bbox 234 2372 1164 2452; baseline 0 -19"><span class='ocrx_word' id='word_1_162' title='bbox 234 2372 353 2452; x_wconf 87' lang='lat' dir='ltr'><strong>legenti,</strong></span> <span class='ocrx_word' id='word_1_163' title='bbox 381 2374 473 2433; x_wconf 91' lang='lat' dir='ltr'><strong>multa</strong></span> <span class='ocrx_word' id='word_1_164' title='bbox 499 2374 637 2447; x_wconf 85' lang='lat' dir='ltr'><strong>audientI,</strong></span> <span class='ocrx_word' id='word_1_165' title='bbox 658 2394 722 2449; x_wconf 78' lang='lat' dir='ltr'><strong>qua</strong></span> <span class='ocrx_word' id='word_1_166' title='bbox 749 2377 873 2452; x_wconf 89' lang='lat' dir='ltr'><strong>populus</strong></span> <span class='ocrx_word' id='word_1_167' title='bbox 901 2374 1061 2444; x_wconf 86' lang='lat' dir='ltr'><strong>Romanus,</strong></span> <span class='ocrx_word' id='word_1_168' title='bbox 1082 2373 1164 2432; x_wconf 87' lang='lat' dir='ltr'><strong>domi</strong></span> 
     </span>
     <span class='ocr_line' id='line_1_24' title="bbox 235 2464 1163 2542; baseline -0.001 -19"><span class='ocrx_word' id='word_1_169' title='bbox 235 2465 412 2541; x_wconf 76' lang='lat' dir='ltr'><strong>militiaque,</strong></span> <span class='ocrx_word' id='word_1_170' title='bbox 439 2467 512 2524; x_wconf 91' lang='lat' dir='ltr'><strong>mari</strong></span> <span class='ocrx_word' id='word_1_171' title='bbox 540 2475 626 2541; x_wconf 83' lang='lat' dir='ltr'><strong>atque</strong></span> <span class='ocrx_word' id='word_1_172' title='bbox 651 2475 737 2539; x_wconf 89' lang='lat' dir='ltr'><strong>terra,</strong></span> <span class='ocrx_word' id='word_1_173' title='bbox 764 2467 903 2542; x_wconf 72' lang='lat' dir='ltr'><strong>preclara</strong></span> <span class='ocrx_word' id='word_1_174' title='bbox 927 2465 1057 2524; x_wconf 88' lang='lat' dir='ltr'><strong>facinora</strong></span> <span class='ocrx_word' id='word_1_175' title='bbox 1083 2464 1163 2536; x_wconf 90' lang='lat' dir='ltr'><strong>fecit,</strong></span> 
     </span>
     <span class='ocr_line' id='line_1_25' title="bbox 235 2555 1164 2632; baseline -0.002 -18"><span class='ocrx_word' id='word_1_176' title='bbox 235 2555 309 2616; x_wconf 88' lang='lat' dir='ltr'><strong>forte</strong></span> <span class='ocrx_word' id='word_1_177' title='bbox 334 2556 430 2616; x_wconf 89' lang='lat' dir='ltr'><strong>lubuit</strong></span> <span class='ocrx_word' id='word_1_178' title='bbox 453 2557 612 2631; x_wconf 83' lang='lat' dir='ltr'><strong>attendere,</strong></span> <span class='ocrx_word' id='word_1_179' title='bbox 636 2576 700 2632; x_wconf 79' lang='lat' dir='ltr'><strong>qun</strong></span> <span class='ocrx_word' id='word_1_180' title='bbox 723 2575 770 2614; x_wconf 84' lang='lat' dir='ltr'><strong>res</strong></span> <span class='ocrx_word' id='word_1_181' title='bbox 792 2575 925 2616; x_wconf 86' lang='lat' dir='ltr'><strong>maxume</strong></span> <span class='ocrx_word' id='word_1_182' title='bbox 946 2566 1027 2615; x_wconf 90' lang='lat' dir='ltr'><strong>tanta</strong></span> <span class='ocrx_word' id='word_1_183' title='bbox 1046 2555 1164 2632; x_wconf 85' lang='lat' dir='ltr'><strong>negotia</strong></span> 
     </span>
     <span class='ocr_line' id='line_1_26' title="bbox 235 2649 1163 2725; baseline -0.004 -18"><span class='ocrx_word' id='word_1_184' title='bbox 235 2649 427 2708; x_wconf 83' lang='lat' dir='ltr'><strong>sustinuisset.</strong></span> <span class='ocrx_word' id='word_1_185' title='bbox 477 2650 625 2722; x_wconf 88' lang='lat' dir='ltr'><strong>Sciebam,</strong></span> <span class='ocrx_word' id='word_1_186' title='bbox 652 2667 850 2725; x_wconf 74' lang='lat' dir='ltr'><strong>sepenumero</strong></span> <span class='ocrx_word' id='word_1_187' title='bbox 873 2665 961 2723; x_wconf 85' lang='lat' dir='ltr'><strong>parva</strong></span> <span class='ocrx_word' id='word_1_188' title='bbox 985 2665 1071 2704; x_wconf 88' lang='lat' dir='ltr'><strong>manu</strong></span> <span class='ocrx_word' id='word_1_189' title='bbox 1096 2663 1163 2704; x_wconf 90' lang='lat' dir='ltr'><strong>curn</strong></span> 
     </span>
     <span class='ocr_line' id='line_1_27' title="bbox 235 2738 1161 2816; baseline -0.004 -18"><span class='ocrx_word' id='word_1_190' title='bbox 235 2739 349 2816; x_wconf 82' lang='lat' dir='ltr'><strong>magnis</strong></span> <span class='ocrx_word' id='word_1_191' title='bbox 376 2739 541 2814; x_wconf 84' lang='lat' dir='ltr'><strong>legionibus</strong></span> <span class='ocrx_word' id='word_1_192' title='bbox 567 2739 693 2796; x_wconf 89' lang='lat' dir='ltr'><strong>hostium</strong></span> <span class='ocrx_word' id='word_1_193' title='bbox 724 2738 928 2796; x_wconf 83' lang='lat' dir='ltr'><strong>contendisse:</strong></span> <span class='ocrx_word' id='word_1_194' title='bbox 960 2753 1161 2813; x_wconf 86' lang='lat' dir='ltr'><strong>cognoveram,</strong></span> 
     </span>
     <span class='ocr_line' id='line_1_28' title="bbox 234 2825 1162 2901; baseline 0.001 -18"><span class='ocrx_word' id='word_1_195' title='bbox 234 2827 331 2901; x_wconf 84' lang='lat' dir='ltr'><strong>parvis</strong></span> <span class='ocrx_word' id='word_1_196' title='bbox 345 2827 436 2898; x_wconf 91' lang='lat' dir='ltr'><strong>copiis</strong></span> <span class='ocrx_word' id='word_1_197' title='bbox 450 2827 525 2882; x_wconf 88' lang='lat' dir='ltr'><strong>bella</strong></span> <span class='ocrx_word' id='word_1_198' title='bbox 545 2837 628 2901; x_wconf 85' lang='lat' dir='ltr'><strong>gesta</strong></span> <span class='ocrx_word' id='word_1_199' title='bbox 640 2844 708 2883; x_wconf 89' lang='lat' dir='ltr'><strong>cum</strong></span> <span class='ocrx_word' id='word_1_200' title='bbox 723 2825 868 2899; x_wconf 89' lang='lat' dir='ltr'><strong>opulentis</strong></span> <span class='ocrx_word' id='word_1_201' title='bbox 887 2825 1023 2899; x_wconf 80' lang='lat' dir='ltr'><strong>regibus3</strong></span> <span class='ocrx_word' id='word_1_202' title='bbox 1046 2827 1162 2898; x_wconf 82' lang='lat' dir='ltr'><strong>adhoc,</strong></span> 
     </span>
     <span class='ocr_line' id='line_1_29' title="bbox 230 2913 1162 2988; baseline 0.004 -16"><span class='ocrx_word' id='word_1_203' title='bbox 230 2931 313 2988; x_wconf 76' lang='lat' dir='ltr'><strong>saepe</strong></span> <span class='ocrx_word' id='word_1_204' title='bbox 333 2913 455 2970; x_wconf 75' lang='lat' dir='ltr'><strong>fortune</strong></span> <span class='ocrx_word' id='word_1_205' title='bbox 474 2914 640 2972; x_wconf 85' lang='lat' dir='ltr'><strong>violentiam</strong></span> <span class='ocrx_word' id='word_1_206' title='bbox 661 2914 827 2972; x_wconf 83' lang='lat' dir='ltr'><strong>toleravissc</strong></span> <span class='ocrx_word' id='word_1_207' title='bbox 838 2933 846 2982; x_wconf 92' lang='lat'>;</span> <span class='ocrx_word' id='word_1_208' title='bbox 876 2913 1013 2970; x_wconf 91' lang='lat' dir='ltr'><strong>facundia</strong></span> <span class='ocrx_word' id='word_1_209' title='bbox 1032 2915 1162 2988; x_wconf 80' lang='lat' dir='ltr'><strong>Graecos,</strong></span> 
     </span>
     <span class='ocr_line' id='line_1_30' title="bbox 236 3001 1164 3084; baseline 0.001 -21"><span class='ocrx_word' id='word_1_210' title='bbox 236 3003 328 3084; x_wconf 89' lang='lat' dir='ltr'><strong>gloria</strong></span> <span class='ocrx_word' id='word_1_211' title='bbox 341 3001 409 3060; x_wconf 90' lang='lat' dir='ltr'><strong>belli</strong></span> <span class='ocrx_word' id='word_1_212' title='bbox 422 3001 523 3060; x_wconf 85' lang='lat' dir='ltr'><strong>Gallos</strong></span> <span class='ocrx_word' id='word_1_213' title='bbox 537 3012 603 3060; x_wconf 88' lang='lat' dir='ltr'><strong>ante</strong></span> <span class='ocrx_word' id='word_1_214' title='bbox 616 3003 768 3061; x_wconf 88' lang='lat' dir='ltr'><strong>Romanoa</strong></span> <span class='ocrx_word' id='word_1_215' title='bbox 782 3002 880 3060; x_wconf 90' lang='lat' dir='ltr'><strong>fuisse.</strong></span> <span class='ocrx_word' id='word_1_216' title='bbox 922 3003 970 3062; x_wconf 82' lang='lat' dir='ltr'><strong>Ac</strong></span> <span class='ocrx_word' id='word_1_217' title='bbox 986 3003 1059 3064; x_wconf 92' lang='lat' dir='ltr'><strong>mibi</strong></span> <span class='ocrx_word' id='word_1_218' title='bbox 1073 3007 1164 3066; x_wconf 83' lang='lat' dir='ltr'><strong>multa</strong></span> 
     </span>
     <span class='ocr_line' id='line_1_31' title="bbox 237 3092 1163 3175; baseline -0.001 -19"><span class='ocrx_word' id='word_1_219' title='bbox 237 3094 358 3175; x_wconf 84' lang='lat' dir='ltr'><strong>agitanti</strong></span> <span class='ocrx_word' id='word_1_220' title='bbox 379 3093 541 3166; x_wconf 88' lang='lat' dir='ltr'><strong>constabat,</strong></span> <span class='ocrx_word' id='word_1_221' title='bbox 554 3111 715 3170; x_wconf 85' lang='lat' dir='ltr'><strong>paucorum</strong></span> <span class='ocrx_word' id='word_1_222' title='bbox 736 3092 842 3152; x_wconf 90' lang='lat' dir='ltr'><strong>civium</strong></span> <span class='ocrx_word' id='word_1_223' title='bbox 864 3094 1011 3172; x_wconf 84' lang='lat' dir='ltr'><strong>egregiam</strong></span> <span class='ocrx_word' id='word_1_224' title='bbox 1029 3096 1163 3155; x_wconf 87' lang='lat' dir='ltr'><strong>virtutem</strong></span> 
     </span>
     <span class='ocr_line' id='line_1_32' title="bbox 236 3185 1163 3265; baseline -0.001 -18"><span class='ocrx_word' id='word_1_225' title='bbox 236 3199 345 3248; x_wconf 88' lang='lat' dir='ltr'><strong>cuncta</strong></span> <span class='ocrx_word' id='word_1_226' title='bbox 361 3185 535 3264; x_wconf 86' lang='lat' dir='ltr'><strong>patravisse;</strong></span> <span class='ocrx_word' id='word_1_227' title='bbox 557 3203 649 3262; x_wconf 88' lang='lat' dir='ltr'><strong>eoque</strong></span> <span class='ocrx_word' id='word_1_228' title='bbox 669 3185 789 3258; x_wconf 89' lang='lat' dir='ltr'><strong>factum,</strong></span> <span class='ocrx_word' id='word_1_229' title='bbox 802 3185 844 3245; x_wconf 91' lang='lat' dir='ltr'><strong>uti</strong></span> <span class='ocrx_word' id='word_1_230' title='bbox 866 3186 981 3246; x_wconf 85' lang='lat' dir='ltr'><strong>divitias</strong></span> <span class='ocrx_word' id='word_1_231' title='bbox 1000 3198 1163 3265; x_wconf 86' lang='lat' dir='ltr'><strong>paupertas,</strong></span> 
     </span>
     <span class='ocr_line' id='line_1_33' title="bbox 235 3277 1164 3355; baseline -0.001 -17"><span class='ocrx_word' id='word_1_232' title='bbox 235 3279 451 3338; x_wconf 86' lang='lat' dir='ltr'><strong>multitudinem</strong></span> <span class='ocrx_word' id='word_1_233' title='bbox 473 3277 605 3354; x_wconf 88' lang='lat' dir='ltr'><strong>paucitas</strong></span> <span class='ocrx_word' id='word_1_234' title='bbox 628 3287 784 3355; x_wconf 88' lang='lat' dir='ltr'><strong>superaret.</strong></span> <span class='ocrx_word' id='word_1_235' title='bbox 832 3279 892 3338; x_wconf 85' lang='lat' dir='ltr'><strong>Sed</strong></span> <span class='ocrx_word' id='word_1_236' title='bbox 915 3288 1068 3355; x_wconf 91' lang='lat' dir='ltr'><strong>postquam</strong></span> <span class='ocrx_word' id='word_1_237' title='bbox 1093 3279 1164 3337; x_wconf 83' lang='lat' dir='ltr'><strong>luxu</strong></span> 
     </span>
     <span class='ocr_line' id='line_1_34' title="bbox 238 3369 1165 3449; baseline 0 -21"><span class='ocrx_word' id='word_1_238' title='bbox 238 3378 324 3444; x_wconf 78' lang='lat' dir='ltr'><strong>atque</strong></span> <span class='ocrx_word' id='word_1_239' title='bbox 356 3371 468 3429; x_wconf 89' lang='lat' dir='ltr'><strong>desidia</strong></span> <span class='ocrx_word' id='word_1_240' title='bbox 497 3369 600 3430; x_wconf 82' lang='lat' dir='ltr'><strong>civitas</strong></span> <span class='ocrx_word' id='word_1_241' title='bbox 629 3381 766 3449; x_wconf 89' lang='lat' dir='ltr'><strong>corrupta</strong></span> <span class='ocrx_word' id='word_1_242' title='bbox 795 3381 849 3444; x_wconf 89' lang='lat' dir='ltr'><strong>est,</strong></span> <span class='ocrx_word' id='word_1_243' title='bbox 877 3389 976 3429; x_wconf 87' lang='lat' dir='ltr'><strong>rursus</strong></span> <span class='ocrx_word' id='word_1_244' title='bbox 1003 3369 1165 3446; x_wconf 87' lang='lat' dir='ltr'><strong>respublica</strong></span> 
     </span>
     <span class='ocr_line' id='line_1_35' title="bbox 236 3458 1164 3538; baseline 0.006 -24"><span class='ocrx_word' id='word_1_245' title='bbox 236 3458 437 3530; x_wconf 82' lang='lat' dir='ltr'><strong>magnitudine</strong></span> <span class='ocrx_word' id='word_1_246' title='bbox 456 3479 510 3519; x_wconf 88' lang='lat' dir='ltr'><strong>sua</strong></span> <span class='ocrx_word' id='word_1_247' title='bbox 529 3461 735 3538; x_wconf 83' lang='lat' dir='ltr'><strong>imperatorum</strong></span> <span class='ocrx_word' id='word_1_248' title='bbox 756 3472 841 3534; x_wconf 90' lang='lat' dir='ltr'><strong>atque</strong></span> <span class='ocrx_word' id='word_1_249' title='bbox 860 3462 1079 3538; x_wconf 81' lang='lat' dir='ltr'><strong>magistratuum</strong></span> <span class='ocrx_word' id='word_1_250' title='bbox 1093 3458 1164 3520; x_wconf 77' lang='lat' dir='ltr'><strong>vitia</strong></span> 
     </span>
     <span class='ocr_line' id='line_1_36' title="bbox 237 3546 1167 3630; baseline 0.006 -26"><span class='ocrx_word' id='word_1_251' title='bbox 237 3546 416 3608; x_wconf 83' lang='lat' dir='ltr'><strong>sustentabat</strong></span> <span class='ocrx_word' id='word_1_252' title='bbox 425 3569 434 3622; x_wconf 72' lang='grc' dir='ltr'><strong><em>ς</em></strong></span> <span class='ocrx_word' id='word_1_253' title='bbox 455 3567 501 3624; x_wconf 87' lang='lat' dir='ltr'><strong>ac,</strong></span> <span class='ocrx_word' id='word_1_254' title='bbox 515 3551 602 3614; x_wconf 86' lang='lat' dir='ltr'><strong>sicuti</strong></span> <span class='ocrx_word' id='word_1_255' title='bbox 622 3553 719 3612; x_wconf 78' lang='lat' dir='ltr'><strong>effrata</strong></span> <span class='ocrx_word' id='word_1_256' title='bbox 736 3559 866 3628; x_wconf 84' lang='lat' dir='ltr'><strong>parente,</strong></span> <span class='ocrx_word' id='word_1_257' title='bbox 880 3552 979 3612; x_wconf 85' lang='lat' dir='ltr'><strong>multis</strong></span> <span class='ocrx_word' id='word_1_258' title='bbox 991 3548 1167 3630; x_wconf 85' lang='lat' dir='ltr'><strong>tempestati·</strong></span> 
     </span>
    </p>
   </div>
   <div class='ocr_carea' id='block_1_7' title="bbox 0 0 1342 4276">
    <p class='ocr_par' dir='ltr' id='par_1_8' title="bbox 0 0 1342 4276">
     <span class='ocr_line' id='line_1_37' title="bbox 0 0 1342 4276; baseline 0 0"><span class='ocrx_word' id='word_1_259' title='bbox 0 0 1342 4276; x_wconf 95' lang='lat' dir='ltr'><strong> </strong></span> 
     </span>
    </p>
   </div>
  </div>
 </body>
</html>
