2656 4276
468 307 634 374 smnusru
654 329 837 376 ιιιιιιιιιιω.
1072 315 1115 378 53

122 505 125 512 ·
181 467 341 548 Iugurtha,
361 471 482 548 patratis
500 473 641 545 oonsiliis,
664 473 828 550 (postquam
851 472 946 532 omnis
967 471 1115 534 Numidis

181 563 364 642 potiebatur)
383 563 413 621 in
435 564 497 621 otio
518 564 631 621 laoiuus
654 583 739 622 suum
759 583 826 622 oum
847 565 945 622 auimo
967 559 1114 640 reputans,

183 652 287 710 timere
313 654 452 730 populum
478 653 656 726 Romanum,
679 673 774 730 neque
798 655 935 713 advorsus
953 654 1025 712 iram
1052 655 1115 732 ejus

139 815 145 829 ἱ
182 761 316 818 usquam,
331 744 387 801 nisi
408 745 439 804 in
458 744 575 802 auaritia
595 745 754 804 nobilitatis
775 755 804 803 et
816 745 942 821 pecunia
954 764 1017 817 sua,
1032 763 1114 822 spem

184 833 304 890 habere.
345 832 446 907 Itaque
455 835 555 909 paucis
565 835 667 894 diebus
681 855 749 893 oum
761 855 832 894 auro
845 846 874 893 et
889 847 1009 912 argento
1022 836 1115 895 multo

186 922 317 982 Romam
330 922 438 1000 legatos
451 925 546 998 mittit,
560 927 624 1000 quis
636 927 785 1003 praeepit,
799 927 925 1002 primum
945 925 988 983 uti
1003 936 1115 984 veteres

184 1013 298 1070 amicos
324 1015 490 1073 muneribus
513 1017 665 1092 expleant3
697 1018 804 1075 deinde
830 1034 921 1075 noros
945 1017 1113 1092 aequitant3

183 1114 339 1180 postremo,
353 1125 542 1182 quamcumque
554 1108 666 1183 possint
678 1097 832 1185 largiundo
843 1127 957 1186 parare,
973 1125 1011 1166 ne
1025 1124 1114 1166 onno-

184 1203 289 1252 tentur.
331 1197 400 1267 Sed,
416 1197 465 1254 ubi
486 1197 613 1255 Romam
633 1198 722 1274 legati
735 1216 849 1270 venere,
863 1210 903 1270 ot,
920 1207 1114 1300 expraeoepto

184 1284 271 1361 regis,
282 1271 454 1361 hospitibus,
467 1286 596 1359 aliisque,
606 1306 728 1360 quorum
738 1305 774 1344 ea
782 1299 952 1364 tempestate
965 1289 996 1346 in
1011 1297 1114 1347 senatu

183 1375 343 1433 auotoritas
362 1375 500 1448 pollebat,
521 1392 627 1449 magua
645 1393 766 1433 munera
786 1377 906 1446 misere3
933 1387 1014 1434 tauta
1037 1395 1116 1434 oom-

184 1457 311 1520 mutatio
333 1461 463 1531 inoessit,
485 1462 527 1518 uti
549 1479 586 1518 ex
608 1479 742 1520 maxuma
763 1464 905 1520 invidia'
896 1483 927 1520 ιιι
946 1465 1067 1542 gratiam
1088 1475 1118 1524 et

187 1551 317 1611 savorem
339 1550 498 1608 nobilitatis
512 1551 656 1628 Iugurtha
677 1553 805 1622 veniret;
826 1572 947 1628 quorum
970 1571 1037 1630 pars
1057 1570 1117 1629 spe,

186 1642 237 1701 alii
258 1641 378 1716 premio
400 1640 522 1713 inducti,
536 1642 668 1719 singulos
689 1660 725 1700 ex
745 1653 846 1702 senatu
866 1645 1032 1715 ambiundo,
1046 1644 1118 1702 nito·

187 1733 302 1804 bantur,
330 1749 368 1788 ne
391 1731 508 1808 gravius
535 1732 566 1790 in
592 1751 660 1790 oum
687 1733 896 1794 consuleretur.
936 1734 1040 1812 Igitur,
1067 1734 1118 1793 ubi

182 1821 276 1900 legati
299 1822 369 1880 satis
392 1821 551 1894 confidunt,
580 1823 629 1880 die
655 1825 823 1896 constituto,
848 1834 965 1882 senatus
989 1824 1119 1899 utrisque

186 1913 280 1972 datur.
321 1913 402 1970 Tum
415 1913 611 1972 Adherbalem
625 1913 680 1972 hoo
694 1915 782 1972 modo
797 1915 929 1972 loentum
943 1915 1117 1990 accepimus.

183 2003 348 2062 xlvn
350 2003 469 2060 ‘Patres
489 2004 655 2078 oonsoripti,
670 2003 805 2081 Micipsa,
818 2015 901 2081 pater
921 2024 1014 2078 meus,
1033 2003 1118 2064 mori·

187 2111 253 2165 eus,
273 2091 345 2150 mihi
357 2093 504 2168 praecepit,
518 2093 560 2150 uti
577 2112 659 2170 regnu
651 2093 819 2153 Numidis
840 2097 1040 2154 tantummodo
1052 2113 1117 2171 pro·

188 2183 370 2244 curationem
384 2181 583 2240 existumarem
598 2172 707 2255 meau'r3
728 2196 855 2244 ceterum
867 2186 914 2262 jus
924 2197 954 2246 ot
963 2187 1117 2264 imperium

187 2275 250 2351 ejus
263 2292 353 2350 penes
366 2291 417 2330 vos
430 2291 516 2334 esse:
529 2274 614 2332 simul
626 2276 750 2334 eniterer
760 2277 839 2334 domi
849 2279 1016 2353 militiasque
1030 2293 1117 2354 quam

187 2382 324 2423 maxumo
334 2363 400 2421 usui
408 2381 471 2422 esse
480 2365 588 2440 populo
599 2365 752 2424 Romano:
775 2386 825 2424 vos
834 2367 903 2426 mihi
914 2379 1116 2444 cognatorum,

190 2473 240 2515 vos
254 2457 284 2512 in
299 2454 437 2511 adfinium
450 2454 548 2512 locum
562 2456 716 2513 ducerem:
737 2457 762 2512 si
776 2475 811 2514 ea
825 2457 968 2527 seoissem,
983 2457 1014 2512 in
1024 2465 1119 2514 vestra

191 2545 319 2604 amicitia
341 2544 510 2615 exereitum,
524 2545 648 2616 divitias,
672 2545 852 2602 munimenta
872 2546 955 2620 regni
974 2562 1022 2601 me
1040 2543 1119 2600 habi·

190 2646 294 2695 turum.
343 2635 421 2697 Qum
449 2653 538 2708 quum
565 2644 710 2708 praesepta
730 2633 859 2708 parentis
881 2633 939 2690 mei
967 2633 1117 2708 agitarem,

190 2725 344 2804 Iugurtha,
357 2726 444 2783 homo
457 2724 587 2782 omniurn
602 2741 674 2798 quos
687 2732 764 2780 terra
777 2722 909 2794 sustinet,
924 2721 1118 2782 soeleratissu·

188 2835 263 2889 mus,
279 2826 446 2891 oontempto
459 2815 580 2890 irnperio
590 2823 693 2885 vostro,
704 2812 867 2872 Masinissa
878 2832 924 2872 rne
934 2823 1079 2892 nepotem,
1088 2823 1119 2875 et

186 2907 247 2985 jam
262 2908 299 2966 ab
311 2905 401 2982 stirps
411 2905 522 2964 sosium
534 2914 618 2980 atquo
630 2905 754 2964 amioum
764 2905 864 2987 populi
875 2905 1119 2984 Romani,regno

190 2996 370 3073 fortunisque
393 2995 528 3054 omnibus
554 2996 669 3072 expulit.
716 2997 814 3072 Atque
837 3015 904 3074 ogo,
928 2998 1029 3055 Patres
1049 3012 1119 3052 oon·

189 3087 301 3164 soripti,
316 3087 453 3161 quoniam
476 3105 512 3144 eo
535 3087 714 3146 miseriarum
734 3097 872 3146 venturus
893 3103 982 3154 eram,
1004 3082 1118 3153 vellem,

188 3178 287 3255 potius
300 3178 339 3234 ob
349 3195 424 3248 mea,
435 3195 521 3251 quarn
535 3177 574 3236 ob
587 3178 726 3253 majorum
737 3193 867 3238 meorum
878 3170 1022 3231 beneficia
1033 3185 1119 3244 possa

189 3285 238 3328 me
259 3286 276 3325 a
296 3267 375 3326 vohis
396 3266 533 3326 auxilium
552 3278 667 3341 petere;
700 3283 735 3322 ao
760 3279 896 3322 maxume
918 3257 1018 3318 deberi
1047 3257 1119 3317 mihi

189 3357 334 3417 beneficia
348 3376 364 3415 a
379 3357 487 3432 populo
500 3355 648 3424 Romano,
661 3353 766 3427 quibus
785 3369 843 3410 non
865 3365 997 3424 egerem3
1016 3365 1120 3408 ssoun·

187 3447 258 3508 dum
280 3466 327 3519 ea,
349 3447 375 3504 si
395 3444 586 3504 desideranda
606 3451 698 3512 erant,
713 3440 755 3498 uti
776 3437 883 3498 debitis
903 3448 1007 3498 uterer.
1048 3439 1118 3511 Sed,

187 3537 329 3620 quoniam
347 3554 448 3612 parum
460 3545 525 3660 puta
543 3553 595 3610 per
608 3551 640 3598 se
653 3532 716 3611 ipsa
727 3529 856 3612 probitas
871 3539 914 3588 ast
916 3547 1034 3614 ,nequa
1047 3529 1120 3592 mibi

356 3625 450 3745 Ι6
