2656 4276
496 299 657 340 succussu
678 299 856 342 monarcis.
1093 279 1135 338 ’Π

202 441 397 500 iustrumenta
409 438 519 496 militie
532 457 650 514 parare:
676 439 712 497 ad
726 439 782 496 hoc
794 447 989 496 commeatum
1011 437 1133 496 affatim·-

205 529 331 606 denique
351 529 459 600 omnia,
479 548 542 609 quae
564 529 595 586 iu
616 529 693 586 bello
713 529 792 586 vario
812 539 841 586 et
861 529 1015 585 multarum
1038 546 1135 588 rerum

205 621 302 697 egenti
318 620 381 676 usui
396 639 459 676 esse
473 621 574 676 solent.
617 620 755 677 Ceterum
770 619 804 676 ad
816 639 852 676 ea
865 619 1005 694 patranda
1018 630 1134 678 senatus

203 712 376 768 auctoritate
390 710 463 767 socii
474 729 638 784 nomenque
647 709 793 780 Latinum,
805 720 834 766 et
847 729 929 786 reges
941 710 1016 766 ultro
1027 710 1134 768 auxilia

205 801 362 858 mittendo:
382 811 528 875 postremo
550 801 645 858 omnis
665 801 766 857 civitas
788 818 901 855 summo
913 799 1010 856 studio
1025 800 1134 858 adnite-

205 889 299 947 batur.
340 889 448 964 Itaque,
469 909 504 947 ex
518 890 662 947 sententia
674 890 809 946 omnibus
831 890 917 946 rebus
930 889 1036 962 paratis
1056 907 1134 948 com·

205 979 371 1054 positisque,
386 980 416 1036 in
430 981 598 1038 Numidiam
613 980 817 1056 proficiscitur,
833 997 938 1054 magna
952 995 1002 1052 spe
1016 978 1133 1051 civium,

206 1087 294 1143 quum
313 1080 428 1146 propter
443 1071 510 1128 artis
526 1072 627 1141 bonas,
641 1082 702 1128 tum
723 1088 866 1140 maxume,
882 1069 959 1143 quod
981 1069 1133 1128 advorsum

205 1159 318 1217 divitias
338 1161 478 1218 invictum
499 1162 626 1218 animum
647 1163 780 1236 gerebat;
802 1171 831 1218 et
853 1160 971 1218 avaritia
984 1161 1133 1236 magistrer

205 1257 285 1306 tuum
307 1261 374 1308 ante
396 1250 425 1306 id
439 1261 550 1326 tempus
571 1253 602 1308 in
615 1251 756 1308 Numidia
776 1260 881 1308 nostra
902 1269 972 1325 opes
991 1261 1131 1322 contusae,

204 1337 389 1414 hostiumque
404 1351 495 1395 auctae
509 1350 599 1396 erant.

244 1429 356 1486 XLIV.
385 1428 455 1497 Sed,
470 1427 520 1482 ubi
532 1428 561 1484 in
571 1427 701 1484 Africam
712 1428 799 1498 venit,
814 1429 958 1485 exercitus
971 1429 998 1484 ei
1012 1429 1133 1487 traditur

205 1519 257 1592 Sp.
279 1517 381 1574 Albini
403 1517 599 1588 Proconsulis,
622 1517 708 1583 iners,
734 1517 867 1588 imbellis,
889 1535 983 1592 neque
1002 1517 1133 1592 periculi,

204 1626 301 1682 neque
328 1607 436 1665 laboris
459 1607 581 1682 patiens,
605 1607 715 1683 lingua,
739 1626 825 1681 quam
848 1626 945 1680 manu,
967 1608 1134 1684 promptior,

204 1697 347 1774 praedator
368 1716 404 1755 ex
423 1697 521 1768 sociis,
542 1708 571 1756 et
592 1697 653 1772 lpse
666 1699 762 1772 praeda
783 1699 917 1769 hostium,
931 1699 995 1756 sine
1014 1699 1134 1773 imperio

204 1797 235 1846 et
255 1789 396 1846 modestia
416 1789 538 1846 habitus.
580 1788 626 1846 Ita
647 1788 812 1864 imperatori
832 1807 907 1845 novo
925 1789 990 1863 plus
1002 1807 1039 1844 ex
1052 1787 1135 1846 malis

204 1879 334 1936 moribus
348 1878 560 1950 sollicitudinis,
575 1897 661 1954 quam
676 1897 712 1935 ex
725 1878 811 1954 copia
822 1879 946 1936 militum
962 1877 1071 1949 auxilii,
1086 1887 1134 1935 aut

206 1968 290 2026 bonae
312 1970 375 2043 spei
404 1970 568 2044 accedebat.
609 1969 718 2026 Statuit
746 1979 843 2026 tamen
866 1968 1014 2040 Metellus,
1037 1986 1133 2042 quam·

205 2075 295 2132 quam
305 2067 334 2114 et
345 2059 507 2114 aestivorum
519 2069 632 2133 tempus
645 2059 829 2116 comitiorum
843 2079 924 2117 mora
938 2059 1131 2130 imminuerat,

205 2157 236 2206 et
250 2148 465 2222 exspectatione
475 2159 593 2206 eventus
607 2149 713 2207 civium
735 2150 845 2208 animos
863 2151 989 2208 intentos
1002 2151 1130 2226 putabat,

205 2257 266 2296 non
279 2239 359 2314 prius
380 2238 487 2296 bellum
508 2240 667 2318 adtingere,
689 2259 785 2314 quam,
806 2242 945 2318 majorum
967 2242 1131 2316 disciplina,

205 2329 312 2386 milites
338 2329 469 2386 laborare
490 2331 642 2408 coegisset.
683 2330 761 2388 Nam
786 2332 921 2402 Albinus,
944 2332 1015 2390 Auli
1036 2330 1132 2388 fratris

205 2420 406 2495 exercitusque
427 2421 509 2478 clade
531 2421 692 2496 perculsus,
712 2431 862 2495 postquam
885 2423 1053 2478 decreverat
1072 2437 1132 2476 non

207 2510 305 2586 egredi
330 2511 490 2585 provincia,
514 2522 653 2585 quantum
676 2511 814 2584 temporis
838 2511 1001 2567 aestivorum
1027 2510 1058 2564 in
1081 2509 1133 2565 im·

207 2599 286 2675 perio
300 2601 363 2672 fuit,
373 2601 543 2676 plerumque
557 2601 662 2656 milites
675 2600 786 2656 stativis
799 2598 901 2654 castris
915 2597 1055 2653 habebat:
1075 2598 1132 2656 nisi

208 2707 295 2764 quum
308 2693 390 2763 odos,
414 2703 463 2748 aut
476 2689 574 2765 pabuli
592 2698 708 2765 egestas
727 2687 823 2744 locum
844 2695 956 2744 mutare
970 2687 1131 2764 subegerat.

208 2781 266 2838 Sed
282 2781 390 2857 (neque
402 2781 606 2838 muniebantur
623 2779 672 2858 ea)
688 2797 782 2853 neque
801 2797 881 2836 more
895 2778 1013 2837 militari
1026 2779 1132 2857 vigilia

208 2869 442 2930 deducebantur:
476 2871 519 2928 uti
549 2871 655 2945 cuique
684 2869 812 2942 lubebat,
839 2871 875 2928 ab
904 2869 996 2948 signis
1023 2871 1131 2930 uberat.

207 2959 285 3018 Lixae
305 2961 440 3037 permixti
462 2979 529 3018 cum
550 2961 690 3020 militibus
712 2961 760 3019 die
775 2972 922 3037 noctuque
943 2962 1130 3038 vagabantur,

207 3059 235 3106 et
257 3052 387 3126 palantes
409 3069 493 3128 agros
514 3062 634 3124 vastare,
661 3051 744 3109 villas
770 3069 944 3127 expugnare,
967 3049 1083 3123 pecoris
1102 3057 1132 3105 et

206 3142 417 3217 mancipiorum
431 3142 542 3217 predas
557 3137 701 3199 certantes
713 3159 797 3216 agere
805 3161 813 3209 ;
834 3157 925 3212 caque
939 3146 1051 3193 mutare
1064 3151 1132 3194 cum

206 3233 415 3304 mercatoribus
428 3233 496 3288 vino
519 3231 684 3300 advectitio,
705 3240 735 3284 et
757 3230 821 3285 aliis
838 3227 961 3284 talibus:
982 3233 1131 3300 practerea,

205 3319 382 3382 frumentum
400 3321 516 3398 publice
539 3319 637 3376 datum
659 3317 794 3387 vendere,
807 3331 912 3390 panem
933 3313 964 3370 in
978 3313 1040 3370 dies
1059 3331 1132 3372 met·

204 3413 280 3482 cari:
301 3425 451 3492 postremo
462 3425 651 3485 quecumque
665 3405 725 3462 dici
739 3415 788 3465 aut
800 3403 872 3482 fingi
885 3413 995 3485 queunt
1008 3403 1130 3486 ignavia

443 3500 491 3565 7!
