2656 4276
221 291 265 360 28
510 311 674 354 sunusrrr
696 311 857 354 carmrua.

223 452 341 514 obnoxii
355 454 548 526 conclamant,
572 453 730 512 “indicem
756 453 859 511 salsum
882 451 974 524 esse,’'
998 451 1094 529 deque
1112 471 1150 513 ea

221 561 254 602 re
274 545 420 620 postulant
434 546 477 602 uti
490 546 637 604 reseratur.
679 545 791 618 Itaque,
807 543 977 600 consulente
991 544 1148 617 Cicerone,

222 633 356 711 frequens
375 647 492 694 senatus
511 637 661 696 decernit:
683 634 868 708 “Tarquinii
882 634 1024 692 indicium
1044 635 1149 694 salsum

222 725 331 796 rideri;
360 746 483 802 eumque
504 728 534 786 in
555 728 678 785 vinculis
698 727 891 797 retinendum,
911 744 1006 800 neque
1026 726 1149 801 amplius

221 827 393 893 potestatem
407 819 582 893 faciundam,
598 819 654 876 nisi
667 819 705 875 de
718 836 755 874 eo
768 817 921 884 indicaret,
931 817 1013 892 cujus
1024 817 1147 874 consilio

221 917 332 967 tantam
359 929 420 968 rem
443 920 520 968 esset
546 910 711 968 mentitus.’'
764 909 856 964 Erant
879 925 916 964 eo
936 917 1077 982 tempore,
1097 907 1148 982 qui

222 1011 416 1072 aestumarent,
437 1001 579 1058 indicium
599 999 670 1056 illud
693 998 754 1056 aP.
770 998 916 1055 Autronio
939 999 1146 1068 machinatum,

222 1108 281 1165 quo
305 1090 428 1160 facilius,
453 1089 596 1163 adpellato
620 1089 737 1160 Crasso,
759 1107 811 1164 per
834 1089 1003 1146 societatem
1024 1088 1146 1164 periculi

221 1179 346 1253 reliquos
360 1179 437 1236 illius
450 1173 578 1255 potentia
591 1189 711 1256 tegeret.
752 1180 814 1236 Alii
828 1179 1021 1254 Tarquinium
1037 1179 1147 1236 aCice·

221 1285 293 1326 rone
307 1269 466 1327 immissum
481 1270 604 1341 aiebant,
620 1288 657 1328 ne
676 1270 809 1342 Crassus,
831 1289 911 1328 more
930 1289 993 1342 suo,
1014 1279 1147 1346 suscepto

222 1357 363 1417 malorum
384 1361 556 1436 patrocinio,
577 1361 784 1438 rempublicam
806 1362 1000 1418 conturbaret.
1048 1361 1146 1436 Ipsum

223 1449 361 1514 Crassum
382 1471 438 1529 ego
460 1463 560 1528 postea
581 1453 787 1528 predicantem
810 1453 916 1524 audivi,
938 1463 1048 1510 tantam
1069 1451 1146 1510 illam

223 1545 430 1602 contumeliam
441 1545 496 1600 sibi
511 1546 546 1602 ab
557 1545 703 1602 Cicerone
717 1544 890 1619 impositam.

265 1633 377 1692 XLIX.
407 1636 466 1692 Sed
479 1636 570 1692 isdem
584 1635 760 1708 temporibus
773 1634 813 1694 Q.
829 1634 951 1691 Catulus
964 1646 993 1692 et
1013 1634 1047 1692 C.
1068 1635 1147 1706 Piso,

222 1742 317 1799 neque
330 1724 432 1801 gratia,
453 1743 547 1799 neque
566 1725 711 1799 precibus,
732 1742 827 1798 nequo
849 1725 952 1800 pretio,
974 1725 1147 1784 Ciceronem

224 1815 371 1892 impellere
384 1827 514 1892 potuere,
529 1816 571 1873 uti
584 1835 635 1891 per
647 1816 829 1891 Allobroges,
845 1825 895 1872 aut
909 1816 996 1873 alium
1011 1817 1146 1889 indicem,

223 1906 258 1965 C.
281 1908 379 1966 Caesar
404 1908 476 1964 falso
499 1908 705 1964 nominaretur.
760 1905 838 1963 Nam
864 1917 986 1980 uterque
1010 1925 1077 1964 cum
1098 1907 1147 1964 illo

220 1997 317 2074 grume
332 1996 499 2054 inimicitias
512 1998 682 2066 exercebat;
704 1995 772 2054 Piso
786 2008 968 2072 oppugnatus
988 1998 1018 2054 in
1036 1997 1148 2073 judicio

221 2087 411 2161 pecuniarum
438 2088 671 2162 repetundarum,
693 2097 808 2162 propter
832 2089 982 2163 cujusdam
1002 2088 1148 2164 Transpa-

222 2175 290 2234 dani
305 2177 478 2251 supplicium
493 2179 630 2252 injustum
641 2198 648 2246 ;
664 2178 786 2234 Catulus
799 2195 835 2235 ex
847 2178 987 2252 petitione
998 2179 1150 2251 pontifica-

221 2275 269 2322 tus
278 2265 345 2332 odio
354 2266 592 2340 incensus,qu0d,
602 2276 729 2324 extrema
737 2278 830 2339 aetate,
840 2268 980 2326 maxumis
988 2267 1149 2326 honoribus

222 2374 302 2427 usus,
318 2357 353 2412 ab
377 2356 595 2414 adulescentulo
616 2357 731 2415 Caesare
751 2358 845 2416 victus
865 2359 1042 2416 discesserat„
1084 2357 1150 2418 Res

223 2455 319 2504 autem
343 2457 504 2521 opportuna
527 2446 692 2517 videbatur;
721 2449 798 2522 quod
825 2449 849 2506 is
875 2450 1007 2524 privatim
1031 2449 1150 2526 egregia

221 2535 404 2610 liberalitate,
418 2537 535 2614 publice
550 2537 692 2595 maxumis
712 2539 881 2596 muneribus
901 2541 1040 2616 grandem
1060 2558 1148 2615 pecu-

221 2627 300 2688 niam
325 2624 456 2688 debebat.
499 2628 568 2701 Sed,
590 2629 641 2688 ubi
665 2630 815 2688 consulem
838 2630 875 2686 ad
898 2641 1010 2688 tantum
1035 2631 1148 2688 lacinus

188 2730 190 2738 ⁴
221 2717 369 2794 impellere
383 2729 539 2792 nequeunt,
562 2720 616 2792 ipsi
636 2719 803 2793 singulatim
823 2719 1041 2791 circumeundo,
1064 2730 1149 2794 atque

221 2809 419 2875 ementiundo,
454 2825 517 2878 quae
550 2825 581 2861 se
608 2825 644 2862 ex
670 2807 833 2874 Volturcio,
862 2817 911 2862 aut
938 2808 1149 2885 Allobrogibus

223 2894 336 2952 audisse
364 2895 504 2964 dicerent,
533 2911 668 2967 magnam
695 2893 737 2949 illi
764 2892 902 2950 invidiam
930 2895 1147 2971 conflaverantt

221 2983 410 3061 usqueadeo,
431 2993 464 3039 ut.
486 2983 618 3039 nonnulli
642 2983 754 3056 equites
775 2982 915 3054 Romani,
938 2984 997 3058 qui,
1021 2990 1149 3061 praesidii

222 3096 334 3150 caussa,
357 3095 425 3134 cum
446 3074 511 3132 telis
532 3085 614 3130 erant
639 3073 750 3130 circum
775 3073 866 3132 aedem
891 3074 1075 3150 Concordiae,
1096 3098 1148 3138 seu

220 3169 343 3248 periculi
357 3165 566 3244 magnitudine,
586 3183 638 3222 seu
659 3163 747 3222 animi
768 3164 919 3224 nobilitate
941 3166 1067 3242 impulsi,
1089 3187 1146 3244 quo

221 3262 349 3319 studium
363 3278 447 3318 suum
462 3258 492 3315 in
506 3256 713 3331 rempublicam
727 3257 834 3316 clarius
847 3267 932 3330 esset,
944 3260 1105 3336 egredienti
1112 3277 1148 3317 err

222 3362 324 3410 senatu
339 3351 447 3409 Caesari
461 3348 559 3426 gladio
573 3349 782 3408 minitarentur.

261 3439 296 3495 L.
323 3441 401 3496 Dum
415 3441 477 3498 haec
492 3441 522 3498 in
536 3451 638 3498 senatu
653 3451 785 3516 aguntur,
807 3449 836 3496 et
856 3440 926 3496 dum
945 3440 1048 3517 legatis
1067 3439 1148 3496 Alto-

223 3529 346 3604 brogum
359 3537 388 3586 et
409 3529 480 3588 Tito
501 3530 664 3602 Volturcio,
690 3530 877 3607 comprobato
899 3548 1001 3594 eorum
1027 3530 1146 3604 indicio,
