2656 4276
469 331 637 376 amusan
657 330 839 374 recusans.
1077 312 1121 378 81

185 491 255 534 mor
266 474 370 550 ingens
383 469 491 530 oritur:
512 491 607 548 neque
621 491 657 531 ea
669 491 717 532 res
730 472 875 530 Numidas
889 479 994 543 terret3
1015 471 1122 534 interm·
1217 532 1225 546 ,

189 564 355 638 intentique
368 565 431 621 sine
441 565 565 622 tumultu
576 575 709 623 manent:
730 564 860 640 prelium
874 563 1021 638 incipitur.
1062 563 1122 626 Ro·

190 655 280 726 mani,
295 673 349 730 pro
359 655 477 732 ingenio
490 655 622 730 quisque,
636 674 702 730 pars
712 655 826 712 eminus
839 654 945 730 glande
959 665 1008 710 aut
1021 653 1123 730 lapidi·

190 745 246 805 bus
259 765 408 822 pugnere;
430 747 478 804 ulii
492 747 660 817 succedere,
676 765 711 804 ac
729 765 842 804 murum
856 747 943 803 modo
956 745 1121 820 subfodere,

190 837 283 898 modo
296 837 382 894 scalis
396 837 531 914 adgredi:
554 856 660 913 cupere
673 837 804 912 praelium
819 837 849 894 in
869 836 1003 893 manibus
1017 837 1121 896 faeere·

194 927 308 986 Contra
330 947 365 985 ea
389 929 525 1004 oppidani
549 927 580 986 in
603 947 758 1004 proxumos
778 946 848 984 saxa
870 926 1001 983 volvere:
1027 927 1123 1000 sudes,

192 1017 262 1095 pile,
276 1031 414 1094 praterea
427 1021 522 1095 picem
541 1020 677 1094 sulphure
700 1030 729 1077 et
750 1019 826 1076 taeda
849 1018 978 1089 mixtam,
994 1016 1125 1078 ardentia

192 1108 316 1166 mittere.
357 1111 415 1166 Sed
431 1129 468 1167 ne
479 1110 553 1182 illos,
565 1111 615 1184 qui
628 1111 728 1186 procul
744 1119 918 1180 manserant,
933 1108 1019 1166 timor
1034 1107 1123 1168 animi

193 1199 262 1256 satis
284 1201 461 1258 muniverat:
490 1219 557 1258 nam
583 1200 736 1276 plerosque
767 1201 866 1276 jacula
891 1199 1051 1270 tormentis,
1074 1207 1123 1258 aut

192 1307 280 1347 manu
302 1291 409 1348 emissa
432 1291 637 1358 volnerabant;
664 1291 782 1364 parique
806 1291 946 1366 periculo,
970 1291 1021 1349 sed
1046 1289 1123 1348 sama

192 1379 308 1455 impari,
323 1379 392 1436 boni
408 1388 492 1451 atque
507 1379 603 1451 ignavi
617 1388 706 1434 erant.

233 1467 348 1525 LVIII.
380 1466 459 1522 Dum
481 1466 557 1539 apud
577 1465 700 1522 Zamam
720 1466 764 1522 sic
782 1475 918 1537 certatur,
933 1467 1078 1542 Iugurtha
1090 1485 1125 1526 ex

193 1557 354 1633 improviso
382 1566 477 1614 castra
504 1555 630 1612 bostium
657 1573 723 1612 cum
750 1574 857 1632 magna
883 1574 970 1613 manu
998 1555 1124 1628 invadit3

196 1648 338 1720 remissis,
362 1647 412 1722 qui
434 1647 465 1704 in
488 1647 623 1723 prasidio
644 1656 734 1718 erant,
759 1658 788 1704 et
808 1646 906 1704 omnia
926 1648 1018 1723 magis
1040 1665 1126 1720 quam

193 1740 327 1817 pralium
353 1738 599 1814 exspectantibus,
628 1748 740 1812 portam
767 1737 908 1812 irrumpit.
958 1738 1000 1795 At
1025 1736 1125 1810 nostri,

192 1831 348 1906 repentino
368 1841 447 1887 metu
460 1829 597 1904 perculsi,
612 1829 668 1886 sibi
682 1829 802 1902 quisque
815 1847 868 1903 pro
882 1828 1010 1886 moribus
1025 1846 1127 1886 consu·

194 1918 259 1979 lunt
272 1940 278 1977 :
301 1920 350 1977 alii
362 1920 471 1996 sugere,
485 1920 534 1978 ulii
546 1939 626 1978 arma
636 1938 740 1995 capere
753 1939 759 1975 :
782 1938 887 1994 magua
900 1937 966 1994 pars
976 1918 1126 1992 volnerati,

196 2019 248 2070 unt
269 2010 370 2066 occisi.
414 2011 553 2066 Ceterum
566 2029 603 2068 ex
620 2010 699 2067 omui
719 2011 903 2068 multitudine
924 2029 983 2068 non
1005 2010 1126 2086 amplius

196 2099 401 2174 quadraginta,
416 2113 559 2156 memores
578 2101 702 2158 nominis
722 2101 860 2174 Romani,
874 2121 962 2180 grege
983 2101 1069 2174 facto,
1085 2102 1126 2160 lo-

196 2207 265 2248 cum
288 2207 402 2263 cepere,
426 2189 531 2265 paullo,
556 2209 641 2264 quam
663 2191 721 2262 alii,
746 2192 915 2250 editiorem:
943 2211 1036 2269 neque
1056 2193 1125 2254 inde

196 2297 332 2338 maxuma
344 2279 373 2335 vi
386 2279 491 2355 depelli
512 2280 679 2354 quiverunt:
701 2283 752 2339 sed
773 2284 830 2340 tela
849 2284 963 2342 eminus
981 2285 1069 2342 missa
1083 2302 1125 2342 re·

196 2369 322 2440 mittere,
336 2370 422 2445 pauci
436 2371 467 2427 in
487 2371 617 2446 pluribus
636 2373 732 2430 minus
753 2373 899 2432 frustrati:
921 2375 967 2434 sin
987 2374 1125 2434 Numida

197 2460 313 2537 propius
328 2461 527 2533 accessissent,
550 2463 590 2518 ibi
610 2481 676 2520 vero
696 2464 830 2520 virtutem
848 2465 1011 2534 ostendere,
1026 2475 1055 2520 et
1076 2482 1126 2524 eos

197 2567 332 2608 maxuma
344 2552 372 2608 vi
387 2552 509 2624 caedere,
524 2552 644 2609 sundere
666 2563 751 2626 atque
772 2553 880 2628 fugare.
922 2553 1044 2608 interim
1064 2552 1127 2612 Me·

198 2641 292 2712 tellus,
307 2660 396 2716 quum
421 2659 572 2698 acerrume
594 2659 655 2698 rem
677 2651 800 2716 gereret,
815 2642 972 2699 clamorem
993 2641 1127 2704 hostilem

199 2730 235 2790 ab
257 2741 339 2808 tergo
364 2731 495 2807 accepit:
526 2731 604 2802 dein,
632 2749 774 2788 convorso
801 2749 886 2806 equo,
915 2731 1125 2806 animadvortit,

198 2819 296 2898 lugam
319 2822 354 2878 ad
378 2841 409 2880 se
431 2841 545 2880 vorsum
570 2822 649 2893 fieri;
671 2843 735 2898 quae
753 2842 799 2882 res
820 2824 966 2882 indicabat
979 2827 1126 2901 popularis

198 2929 269 2970 esse.
311 2911 403 2988 Igitur
417 2913 576 2988 equitatum
595 2933 709 2972 omnem
730 2915 766 2972 ad
788 2928 882 2975 castra
901 2937 1023 2995 propere
1037 2919 1125 2994 misit,

199 3003 340 3060 aestatim
355 3003 389 3061 C.
404 3003 530 3063 Marium
545 3024 611 3062 cum
623 3007 789 3065 cohortibus
802 3011 948 3067 sociorum
960 3031 967 3081 ;
990 3027 1126 3082 eumque,

197 3092 372 3164 lacrumans,
385 3113 437 3169 per
454 3095 612 3153 amicitiem
631 3115 739 3171 perque
760 3099 968 3172 rempublicam
982 3099 1126 3170 obsecrat,

197 3199 236 3242 ne
249 3201 336 3258 quarn
348 3186 553 3242 contumeliam
568 3203 717 3244 remanere
731 3187 762 3242 in
776 3187 905 3242 exercitu
919 3186 1039 3253 victore,
1054 3203 1127 3244 nere

196 3272 288 3331 hostis
302 3275 409 3332 inultos
424 3276 502 3332 abire
517 3275 611 3330 sinat:
633 3274 682 3330 ille
696 3275 775 3330 brevi
796 3273 932 3330 mandata
947 3272 1044 3328 efficit.
1085 3275 1127 3335 At

197 3361 343 3442 Iugurtha
370 3365 550 3422 munimento
577 3371 737 3419 castrorum
766 3361 931 3438 impeditus,
958 3379 1047 3436 quum
1078 3364 1127 3428 elii

196 3471 283 3531 super
306 3455 412 3512 vallum
431 3453 690 3529 precipitarentur,
712 3450 759 3508 alii
784 3451 815 3507 in
835 3451 975 3526 angustiis
995 3451 1050 3526 ipsi
1071 3454 1130 3516 sibi

196 3548 388 3624 properantes
407 3544 576 3615 obiicerem,
598 3540 696 3602 mrdtis
723 3539 845 3614 amissis,
867 3541 898 3602 in
923 3542 990 3606 loca
1016 3543 1128 3606 munita
