2682 4268
504 337 666 380 sacuusrrr
687 337 866 382 ruounrnr.
946 399 950 408 ἱ
1087 319 1147 383 103

217 496 305 538 suma
322 478 407 553 plebe
428 479 528 536 consul
551 479 654 551 sactus,
674 490 824 554 postquam
844 480 871 538 ei
891 479 1069 555 provinciam
1083 478 1147 538 Nu-

221 569 338 626 midiam
352 570 475 643 populus
486 571 579 645 jussit,
602 581 686 628 antea
704 571 763 646 jam
777 571 897 628 infestus
917 571 1071 641 nobilitati,
1083 581 1145 628 tum

220 678 288 732 vero
309 661 416 716 multus
439 671 523 734 atque
546 661 626 717 ferox
649 662 772 718 instare:
794 661 922 737 singulos
942 662 1039 732 modo,
1059 661 1146 720 modo

219 751 368 808 universos
391 751 511 808 laedere:
533 751 676 824 dictitare,
689 759 707 784 ‘⁴
720 769 783 808 sese
805 752 986 810 consulatum
1006 771 1043 808 ex
1061 751 1146 812 vietis

221 840 277 896 illis
291 841 382 914 spolia
404 843 559 917 cepisse;”
583 843 638 900 alia
650 853 790 916 preterea
807 842 962 918 magnifica
981 860 1034 915 pro
1054 860 1095 912 ae,
1116 849 1146 900 et

222 930 277 988 illis
303 932 438 988 dolentia.
485 932 616 1003 Interim,
643 952 707 1006 quae
735 933 812 990 bello
838 950 911 1007 opus
938 942 1029 1001 erant,
1053 925 1147 1005 prima

220 1019 341 1079 habere:
372 1023 517 1097 postulare
544 1024 709 1099 legionibus
732 1023 974 1098 supplementum,
1003 1021 1147 1078 auxiliata

218 1112 331 1186 populis
351 1122 381 1170 et
394 1113 510 1189 regibus
520 1115 664 1189 sociisque
678 1131 840 1172 arcessere:
861 1123 1000 1189 praeterea
1013 1131 1049 1168 ex
1060 1111 1145 1170 Latio

220 1200 415 1260 fortissumum
438 1223 591 1278 quemque,
614 1205 765 1279 plerosque
792 1204 913 1275 militiae,
937 1222 1047 1279 paucos
1068 1203 1146 1260 fama

218 1293 351 1368 cognitos
376 1293 482 1362 accire,
504 1304 534 1348 et
554 1293 713 1350 ambiundo
734 1312 840 1368 cogere
863 1295 995 1350 homines
1017 1293 1145 1350 emeritis

218 1381 371 1456 stipendiis
389 1399 488 1436 secum
513 1381 667 1453 proficisci.
709 1381 813 1454 Neque
836 1381 877 1436 illi
902 1391 1029 1448 senatus,
1048 1399 1146 1453 quam·

217 1489 306 1544 quarn
330 1469 467 1526 advorsus
487 1478 558 1538 erat,
580 1468 617 1524 de
636 1467 695 1524 ullo
717 1467 835 1542 negotio
857 1468 983 1524 abnuere
1004 1470 1144 1539 audebat;

217 1568 349 1618 ceterum
378 1558 610 1633 supplementum
639 1557 727 1614 etiam
754 1557 837 1614 laetus
863 1558 1048 1614 decreverat:
1079 1559 1147 1633 quia

217 1667 314 1724 neque
326 1648 412 1724 plebe
426 1647 529 1704 militia
543 1647 649 1706 volenti
668 1648 831 1723 putabatur,
846 1657 875 1706 et
888 1647 1001 1706 Marius
1015 1659 1064 1706 aut
1078 1649 1146 1708 belli

218 1758 314 1810 usum,
337 1749 386 1796 aut
404 1739 500 1796 studia
526 1738 602 1814 volgi
627 1738 791 1796 amissurus.
833 1739 894 1796 Sed
916 1757 952 1796 ea
973 1757 1019 1796 rea
1042 1739 1147 1798 frustra

218 1841 345 1906 sperata3
367 1839 448 1888 tanta
468 1829 569 1886 lubido
587 1847 654 1886 curu
675 1829 771 1886 Mario
785 1829 873 1886 eundi
893 1829 1046 1905 plerosque
1070 1830 1147 1888 inv*

218 1931 303 1979 serat.
355 1923 427 1980 Sese
451 1921 573 1995 quisque
593 1921 691 1995 preda
713 1919 889 1995 locupletem
913 1919 1146 1998 interimerem

218 2011 339 2068 domum
358 2011 528 2080 rediturum,
548 2011 603 2067 alia
624 2011 824 2086 hujuscemodi
849 2011 952 2068 animis
975 2011 1144 2072 trabebant:

217 2109 250 2159 et
263 2117 315 2158 eos
327 2118 387 2158 non
399 2100 527 2174 paullum
538 2101 668 2158 oratione
680 2119 733 2158 sua
745 2100 858 2158 Marius
869 2111 1020 2160 arrexerat.
1054 2101 1086 2158 N
1088 2117 1144 2175 am,

217 2200 382 2266 postquam,
411 2191 546 2250 omuibus
571 2210 636 2265 que
662 2192 854 2267 postulaverat
880 2193 1014 2263 decretis,
1038 2193 1145 2252 milites

216 2281 346 2340 scribere
366 2279 434 2352 volt,
455 2281 587 2342 hortandi
608 2301 711 2342 caussa
730 2282 826 2353 simul,
841 2291 870 2340 et
890 2283 1080 2354 nobilitatem,
1101 2282 1144 2342 uti

218 2382 417 2442 consueverat,
451 2373 626 2448 exagitandi,
653 2373 827 2430 concionem
853 2373 954 2446 populi
983 2371 1142 2430 advocarit.

218 2460 333 2520 Deinde
347 2461 403 2519 boc
416 2461 504 2529 medo
517 2462 660 2519 disseruit.

257 2551 413 2612 LXXXV.
443 2558 462 2584 “
475 2551 545 2608 Soio
559 2568 625 2626 ego,
637 2551 781 2621 Quirites,
795 2549 948 2623 plerosque
960 2567 1020 2605 non
1040 2549 1144 2608 iisdem

219 2642 326 2700 artibus
351 2640 504 2716 imperium
532 2659 549 2696 a
572 2639 654 2696 vobis
676 2649 784 2713 petere,
812 2648 851 2708 et,
872 2647 1024 2712 postquam
1049 2638 1144 2714 adepti

217 2742 294 2804 sunt,
310 2751 429 2808 gerere:
450 2730 544 2806 primo
558 2728 725 2799 industrios,
740 2726 894 2802 supplices,
909 2727 1040 2786 modicos
1060 2747 1142 2800 esse3

218 2821 286 2880 dein
299 2840 350 2896 per
368 2821 512 2899 ignaviam
526 2829 555 2878 et
569 2819 732 2894 superbiam
746 2828 860 2878 aetatem
875 2838 978 2896 agere:
1000 2821 1050 2878 sed
1071 2821 1143 2880 mibi

218 2922 320 2970 contra
333 2930 368 2970 ea
380 2913 500 2970 videtur.
535 2911 565 2968 N
568 2930 623 2982 am,
637 2929 694 2986 quo
713 2909 804 2986 pluris
823 2911 959 2970 universa
979 2913 1144 2988 respublica

218 3019 304 3076 quam
331 3003 498 3060 consulatus
531 3012 581 3060 aut
606 3011 740 3077 prmum,
768 3019 804 3060 eo
831 3003 940 3078 majore
967 3021 1038 3058 cura
1064 3001 1143 3058 illam

219 3092 420 3164 administrari,
435 3111 520 3168 quam
542 3093 604 3150 baec
625 3093 684 3166 peti
709 3092 822 3166 debere.
864 3091 969 3164 Neque
993 3108 1039 3146 me
1059 3088 1141 3160 fallit,

217 3192 356 3256 quantum
370 3201 437 3240 cum
451 3200 585 3240 maxumo
596 3181 738 3239 beneficio
748 3189 843 3238 vestro
854 3179 964 3254 negotii
975 3177 1141 3236 sustineam.

217 3270 332 3334 Bellum
357 3291 458 3346 parare
485 3271 581 3339 simul,
609 3280 637 3326 et
665 3270 766 3326 aerario
792 3285 934 3342 parcere:
968 3282 1074 3340 cogere
1106 3267 1142 3326 ad

216 3361 349 3420 militiam
363 3381 424 3434 eos,
437 3379 511 3436 quos
524 3359 599 3416 nolis
613 3357 777 3425 offendem3
798 3356 876 3413 domi
897 3355 1024 3442 forisque
1044 3357 1143 3418 omnis

215 3469 338 3522 curare;
358 3462 388 3510 et
400 3471 436 3510 ea
450 3469 534 3527 agere
548 3450 622 3506 inter
642 3446 765 3516 invidos,
784 3445 973 3516 occursantis,
995 3445 1140 3520 factiosos,

214 3531 363 3618 opinione,
377 3541 521 3612 Quirites,
543 3538 671 3615 asperius
694 3546 746 3598 est
787 3535 837 3596 Ad
860 3536 927 3610 hoc,
951 3537 999 3596 alii
1023 3535 1048 3598 si
1071 3537 1145 3600 deli-
