2656 4276
222 341 266 404 et
516 357 682 402 smcnsnu
704 357 863 400 cinnama.

222 499 349 578 premia.
398 497 472 556 Hec
495 495 552 556 illis
582 493 772 568 volventibus,
795 496 913 554 tandem
944 495 1014 555 vicit
1037 496 1156 560 fortuna

224 590 400 667 reipublice.
453 587 554 664 Itaque
574 589 615 650 Q.
639 589 731 646 Fabio
752 589 867 664 Sangae,
886 588 970 663 cnjus
989 590 1155 664 patrocinio

225 680 326 740 civitas
345 679 500 756 plurimum
517 681 660 751 utebatur,
674 697 736 736 rem
749 696 875 748 omnem,
891 677 932 734 uti
947 690 1153 754 cognoverant,

226 771 365 846 aperiunt.
407 771 523 840 Cicero,
545 789 595 844 per
615 771 743 846 Sangam
762 768 885 826 consilio
902 768 1032 844 cognito,
1050 768 1154 844 legatis

224 861 372 940 praecepit,
391 871 422 918 nt
436 861 563 918 studium
584 859 793 935 conjurationis
806 859 989 916 vehementer
1007 859 1153 932 simulent,

226 961 339 1010 ceteros
360 952 472 1022 adeant,
492 953 566 1008 bene
586 949 794 1025 polliceantur;
823 949 949 1023 dentque
969 965 1096 1024 operam,
1111 949 1154 1008 uti

226 1059 277 1100 eos
291 1061 376 1115 quarn
390 1059 523 1098 maxume
537 1039 704 1096 manifestor
718 1039 850 1096 habeant.

266 1131 377 1188 XLII·
390 1129 486 1186 Isdem
501 1128 561 1184 fere
571 1128 749 1202 temporibus
763 1129 793 1185 in
803 1128 900 1186 Gallia
920 1129 1055 1187 citeriore
1069 1140 1155 1204 atque

227 1219 373 1290 ulterIore,
395 1219 465 1276 item
488 1217 518 1274 in
542 1236 611 1294 agro
633 1217 753 1290 Piceno,
776 1219 900 1291 Bruttio,
923 1220 1040 1294 Apulia,
1059 1231 1155 1278 motus

227 1319 297 1369 erat.
338 1308 368 1365 N
371 1327 473 1384 amque
492 1308 544 1380 illi,
558 1327 630 1382 quos
644 1318 729 1366 antea
742 1308 870 1368 Catilina
882 1309 1040 1381 dimiserat,
1056 1311 1156 1368 incon·

227 1400 303 1458 suite
330 1418 365 1458 ac
384 1399 472 1457 veluti
499 1417 549 1474 per
570 1397 745 1456 dementiam
773 1410 881 1457 cuncta
906 1400 989 1456 simul
1016 1401 1153 1476 agebant:

228 1491 380 1557 nocturnis
390 1489 530 1561 consiliis,
545 1505 689 1548 armornm
701 1500 785 1565 atque
799 1490 922 1546 telorum
935 1489 1154 1564 portationibus,

229 1581 402 1653 festinando,
425 1580 560 1658 agitando
581 1580 689 1652 omnia,
709 1581 774 1654 plus
794 1581 906 1637 timoris
927 1599 1013 1654 quam
1034 1581 1155 1656 periculi

229 1671 393 1728 effecerant.
435 1669 481 1725 Ex
493 1688 529 1726 eo
548 1688 670 1726 numero
690 1670 853 1744 complures
864 1669 905 1730 Q.
921 1669 1057 1728 Metellus
1071 1671 1156 1730 Celer

229 1769 402 1836 praet01,ex
425 1759 517 1816 senati
541 1760 684 1830 consulto,
706 1777 809 1816 caussa
835 1759 963 1836 cognita,
985 1761 1014 1818 in
1041 1760 1157 1820 vincula

231 1851 415 1927 conjecerat3
444 1850 514 1908 item
535 1850 565 1907 in
585 1850 722 1908 ulteriore
741 1849 837 1908 Gellia
856 1850 891 1908 C.
911 1850 1045 1923 Murena,
1060 1851 1110 1926 qui
1129 1850 1156 1910 ei

230 1943 387 2018 provinciae
400 1941 512 2017 legattrs
524 1949 653 2017 preerat

272 2030 383 2088 XLIII.
411 2032 452 2088 At
462 2030 567 2088 Romae
582 2030 732 2104 Lentulus,
746 2050 813 2090 cum
827 2032 941 2105 ceteris,
952 2034 1002 2108 qui
1013 2033 1159 2110 principes

232 2121 441 2196 conjurationis
455 2133 546 2192 erant,
559 2122 676 2196 paratis,
691 2133 723 2180 ut
736 2123 916 2196 videbantur,
930 2126 1042 2199 magnis
1056 2124 1158 2199 copiis,

231 2211 451 2281 constituerant,
468 2211 521 2282 uti,
543 2230 632 2284 qunm
652 2213 780 2271 Catilina
803 2214 833 2271 in
856 2231 955 2290 agrurn
974 2213 1160 2272 Faesulanum

232 2317 301 2357 cum
312 2300 440 2357 exercitu
455 2301 588 2372 venisset,
599 2300 632 2359 L.
645 2302 744 2360 Bestia
757 2304 890 2362 tribunus
902 2302 1003 2379 plebis,
1015 2304 1161 2362 concinne

233 2389 341 2462 habita,
371 2401 537 2464 quereretur
570 2391 607 2450 de
641 2393 803 2452 actionibus
835 2394 998 2466 Ciceronis,
1020 2392 1161 2468 bellique

232 2480 403 2559 gravissumi
417 2481 554 2539 invidiam
565 2493 683 2558 optumo
694 2485 804 2541 consuli
820 2486 995 2561 imponeret;
1017 2502 1052 2542 eo
1066 2484 1160 2560 signo,

233 2591 373 2649 proxuma
399 2583 485 2632 nocte
517 2583 619 2656 cetera
648 2574 803 2632 multitudo
836 2575 1044 2652 conjurationis
1077 2590 1161 2632 suum

233 2664 356 2741 quisque
369 2663 518 2742 negotium
532 2675 743 2738 exsequeretur.
786 2665 844 2722 Sed
856 2684 890 2722 ea
900 2665 992 2722 divisa
1005 2665 1062 2721 hoc
1075 2663 1162 2722 modo

234 2754 423 2812 dicebantur:
445 2755 576 2812 Statilius
595 2768 625 2811 et
644 2755 788 2814 Gabinius
807 2755 850 2811 uti
869 2773 936 2811 cum
957 2775 1063 2832 magna
1076 2771 1161 2812 manu

235 2842 390 2896 duodecim
412 2841 497 2897 sImuI
519 2851 682 2915 opportuna
702 2843 769 2898 loca
788 2843 868 2898 urbis
886 2843 1085 2916 incenderent,
1106 2860 1162 2920 quc

235 2926 360 2984 tumultu
385 2926 497 2984 facilior
520 2929 613 2985 aditus
634 2930 670 2984 ad
691 2929 848 2986 Consulem
869 2939 1037 3004 ceterosque
1060 2936 1163 3007 quibam

236 3015 349 3076 incidie
369 3016 553 3095 parabantur,
572 3017 671 3076 fieret:
700 3017 848 3095 Cethegus
869 3017 1023 3076 Ciceronis
1046 3022 1163 3098 januam

236 3109 392 3181 obsideret,
401 3125 526 3182 eumque
535 3108 563 3166 vi
575 3107 788 3187 adgrederetur,
804 3108 876 3166 alius
888 3119 984 3166 autern
995 3112 1100 3172 ulium:
1114 3113 1164 3172 sed

236 3201 289 3258 filii
304 3200 487 3270 familiarum,
502 3217 624 3275 quorum
638 3218 674 3258 err
694 3199 844 3259 nobilitate
863 3219 997 3258 maxuma
1009 3221 1075 3277 pers
1095 3212 1164 3275 erat,

237 3302 371 3366 parentes
388 3291 600 3363 interficerent3
621 3291 716 3365 simul,
736 3292 816 3350 carde
829 3302 858 3351 et
872 3292 1008 3352 incendio
1025 3293 1165 3368 perculsis

239 3383 384 3455 omnibus,
406 3383 442 3441 ad
461 3382 620 3444 Catilinam
646 3395 837 3461 erumperent.
880 3384 961 3442 Inter
985 3385 1048 3442 haee
1067 3393 1166 3460 parate

240 3477 326 3542 atque
346 3472 472 3546 decreta,
486 3475 635 3554 Cethegus
655 3493 766 3550 semper
788 3475 960 3548 querebatur
991 3475 1027 3532 de
1053 3473 1167 3550 ignavia

239 3557 405 3618 sociorum:
433 3563 498 3621 illos
524 3564 684 3626 dubitando
710 3574 740 3624 et
766 3564 828 3622 dies
853 3565 1023 3641 prolatando
1050 3581 1167 3644 magnas
