2656 4276
133 362 150 389 ⁸
236 361 279 427 et
516 375 678 420 sruuusnu
699 373 881 418 menariae.

236 521 375 582 midinem
386 519 482 590 simul,
492 527 523 576 et
535 517 691 576 tumultum
702 517 815 574 faeere:
836 525 868 573 et
875 531 957 591 pene
970 513 1169 592 imprudentia

237 613 394 674 admissum
408 610 524 670 sueinus
542 608 716 680 miserabile,
730 608 761 666 ni
774 607 919 682 utrimque
932 607 1076 682 premissi
1090 609 1169 685 equi·

236 713 351 764 terrem
362 702 595 778 exploravissent.
623 699 726 776 Igitur,
736 717 789 774 pre
799 708 888 770 metu,
898 707 1017 774 repente
1027 699 1168 775 gaudium

236 805 378 866 exertum,
393 793 500 852 milites
515 791 589 850 alius
607 791 696 848 aliurn
715 789 775 846 leti
796 789 951 864 edpellunt,
963 799 1029 848 aete
1041 790 1168 848 edocent

238 896 324 961 atque
346 885 484 944 audiunt:
505 901 560 942 sua
580 882 701 958 quisque
722 880 808 938 sertia
829 879 907 938 faeta
925 880 962 936 ad
976 878 1083 938 eoelum
1104 880 1166 940 sert

236 977 357 1053 Quippe
388 994 435 1033 res
462 975 595 1032 humanae
619 973 659 1029 its
682 989 746 1030 sese
769 970 892 1029 habent:
922 970 953 1028 in
979 969 1104 1028 victoria
1122 971 1166 1030 rel

239 1067 351 1146 igneus
371 1065 489 1143 gloriari
510 1065 598 1122 lieet:
621 1062 747 1120 advorte
769 1080 815 1118 ree
832 1060 921 1118 etiam
943 1060 1036 1118 boues
1057 1061 1167 1120 detrae-

238 1167 309 1214 tant.

277 1244 355 1304 LIV.
392 1242 529 1306 Metellus
554 1241 584 1301 in
605 1242 697 1300 isdem
720 1241 822 1299 eastris
843 1241 998 1316 quatriduo
1027 1252 1166 1315 moratus,

238 1335 355 1412 saucios
372 1353 440 1392 eum
454 1352 526 1391 eura
538 1333 641 1405 reficit,
656 1333 774 1390 meritos
789 1332 818 1388 in
832 1332 939 1408 preliis
957 1350 1038 1390 more
1057 1333 1166 1392 militia

241 1425 341 1498 donat,
357 1426 507 1484 universos
520 1425 550 1484 in
572 1424 716 1482 eoneione
728 1424 835 1493 laudat,
858 1433 943 1498 atque
964 1423 1024 1500 agit
1043 1424 1164 1500 grauiter

240 1518 381 1590 hortatur,
403 1518 438 1574 ad
459 1526 566 1587 detera,
581 1535 645 1591 quae
667 1515 741 1574 levia
758 1524 835 1586 sunt,
848 1533 947 1590 parem
970 1515 1099 1572 animum
1121 1533 1167 1592 ge·

239 1619 323 1666 rant:
344 1627 396 1682 pre
418 1608 540 1666 victoria
561 1607 630 1664 satis
649 1606 708 1682 jam
729 1615 897 1681 pugnaturn,
912 1605 1037 1680 reliques
1054 1606 1166 1664 labores

239 1716 293 1774 pro
322 1699 420 1774 praede
448 1699 516 1756 sore.
568 1698 683 1754 Tamen
708 1697 822 1753 interim
849 1696 1012 1772 transfugas
1038 1705 1068 1753 et
1097 1696 1166 1754 alios

240 1798 428 1864 opportunos,
439 1788 584 1864 Iugurtha
595 1787 644 1844 ubi
656 1787 795 1863 gentium,
808 1797 856 1843 aut
870 1787 938 1860 quid
955 1787 1086 1862 agitaret,
1101 1803 1166 1844 eum

240 1880 381 1955 paucisne
395 1889 480 1950 esset,
495 1897 532 1936 en
546 1878 705 1936 exereitum
719 1877 847 1947 haberet,
859 1886 891 1932 ut
904 1895 967 1934 sese
981 1877 1075 1934 vietus
1089 1895 1165 1954 gere·

240 1979 285 2027 ret
306 1971 484 2046 exploratum
506 1969 592 2026 misit
633 1969 675 2026 At
697 1967 745 2025 ille
766 1986 830 2024 sese
852 1967 882 2024 in
902 1967 969 2024 loea
992 1967 1119 2027 saltuosa
1138 1979 1166 2028 et

240 2070 345 2118 natura
358 2061 469 2118 munita
489 2068 652 2134 receperet;
674 2058 771 2134 ibique
792 2058 916 2134 cogebat
937 2059 1097 2116 exereitum
1116 2079 1166 2117 nu·

241 2167 322 2207 mero
343 2150 493 2208 hominum
517 2150 693 2226 ampliorem,
716 2149 766 2206 sed
794 2149 925 2206 hebetem
953 2149 1164 2225 infirmumque,

241 2238 303 2314 agri
318 2256 353 2293 ue
365 2239 481 2312 peeoris
495 2240 596 2314 magis,
608 2258 694 2313 quam
708 2239 776 2296 belli
790 2239 938 2296 nultorem.
981 2238 1062 2296 Idea
1076 2240 1166 2316 gratie

240 2327 404 2399 eveniebat,
428 2327 516 2402 quod,
539 2339 643 2403 praeter
664 2329 760 2405 regios
783 2331 904 2404 equites,
931 2348 1017 2387 nemo
1038 2331 1164 2389 omnium

239 2417 434 2477 Numidarum
454 2436 491 2476 ex
505 2418 573 2496 fuga
593 2437 692 2496 regem
713 2421 859 2494 sequitur3
879 2439 936 2496 quo
955 2421 1095 2496 eujusque
1109 2421 1166 2480 aui·

239 2511 304 2567 mus
316 2509 379 2581 fert,
388 2528 425 2568 eo
435 2510 605 2568 diseeduut:
620 2529 715 2585 neque
726 2511 756 2568 id
765 2511 905 2587 flagitium
915 2511 1024 2568 militie
1033 2512 1164 2570 ducitur:
1253 2576 1257 2584 ,

240 2603 282 2662 ita
295 2621 327 2662 se
340 2621 435 2662 mores
446 2604 561 2662 habent.
602 2602 697 2680 Igitur
708 2602 844 2661 Metellus
854 2603 904 2661 ubi
918 2605 995 2662 videt
1008 2605 1166 2662 etiamtum

239 2698 317 2773 regie
332 2697 460 2755 animum
481 2697 607 2756 seroeem
622 2712 685 2755 esse
693 2716 701 2767 ;
723 2697 830 2754 bellum
852 2699 994 2769 renovari,
1008 2699 1096 2772 quod,
1110 2697 1166 2756 nisi

239 2803 276 2846 ex
297 2786 375 2843 illins
397 2787 538 2858 lubidine,
561 2787 622 2862 geri
644 2805 703 2844 nou
722 2797 835 2862 posset3
856 2799 996 2862 preterea
1015 2789 1166 2847 inimieum

240 2883 386 2931 certamen
397 2875 452 2932 sibi
463 2893 530 2932 eum
542 2876 682 2947 hostibus,
693 2877 806 2934 minure
817 2879 991 2936 detrimento
1002 2879 1067 2937 illos
1079 2879 1165 2951 vinei,

239 2979 326 3038 quam
348 2980 416 3019 suos
436 2964 571 3034 rineere;
592 2967 692 3022 statuit
713 2985 772 3024 non
794 2969 910 3044 praeliis,
927 2988 1022 3044 neque
1044 2970 1073 3028 in
1094 2970 1166 3041 eeie,

238 3052 370 3112 sedulio
395 3071 475 3111 more
496 3053 604 3112 bellum
628 3056 798 3132 gerundum.
840 3058 942 3133 Itaque
966 3060 996 3117 in
1019 3059 1167 3117 Numidiae

238 3148 306 3207 loea
319 3147 546 3224 opulentissuma
558 3148 662 3225 pergit,
678 3166 762 3226 agros
774 3161 876 3223 vestet,
890 3153 980 3209 multa
1001 3152 1121 3210 castella
1139 3162 1167 3209 et

238 3240 354 3316 oppida,
365 3250 474 3298 temere
487 3239 610 3312 munita,
626 3248 675 3297 eut
687 3239 751 3298 sine
769 3241 914 3316 presidio,
929 3242 1007 3317 capit
1026 3241 1168 3300 incendit·

238 3349 304 3407 que,
318 3334 442 3408 puberes
453 3333 605 3392 interfluit:
624 3332 707 3409 jubet
718 3333 774 3392 alia
792 3335 891 3393 omnia
903 3335 1028 3392 militum
1041 3335 1168 3410 predam

237 3439 310 3480 ense.
351 3423 397 3482 Ea
410 3425 565 3482 formidine
578 3423 662 3482 multi
677 3424 812 3482 morteles
826 3425 970 3484 Romanis
987 3425 1080 3484 dediti
1094 3425 1169 3484 obsi-

238 3509 306 3578 des3
329 3512 505 3572 frumentum
518 3524 548 3572 et
562 3514 628 3586 elia,
637 3533 701 3590 quae
709 3513 775 3570 usui
789 3513 893 3589 forent,
903 3514 1021 3573 adfatim
1030 3515 1168 3592 praebitae

237 3598 415 3676 ubicumque
435 3623 482 3662 res
497 3604 671 3682 postulabat,
685 3603 850 3680 presidium
873 3605 1048 3683 impositum.
1089 3605 1170 3671 Qut
