2656 4276
502 350 668 393 smnusrn
690 349 852 393 csrrnms.
1100 331 1140 394 19

214 488 274 560 det,
301 488 404 563 quibus
430 489 517 548 rebus
543 501 671 566 possent,
699 509 769 568 opes
792 487 928 548 fectionis
955 489 1137 563 confirment,

215 577 333 636 insidias
346 581 459 638 consuli
474 591 628 653 maturent,
640 583 759 653 cedem,
774 581 919 652 incendis,
936 581 1048 656 alisque
1068 580 1137 638 belli

214 667 343 727 facinore
354 681 456 745 parent
468 691 474 729 :
489 690 552 730 sese
565 691 655 748 prope
669 673 745 730 diem
760 690 827 730 cum
838 687 945 748 magno
959 672 1089 728 exercitu
1100 671 1137 729 ad

213 759 315 816 urbem
330 779 521 820 accessurum.
562 762 640 820 Dum
652 762 714 820 hec
728 762 832 820 Ilcmae
846 773 995 838 geruntur,
1006 762 1041 819 Ο.
1054 761 1137 820 Man·

214 847 272 904 lius
286 867 322 906 ex
335 869 387 906 suo
407 869 527 926 numero
547 853 657 929 legatos
678 854 714 911 ad
733 849 881 910 Marcium
902 852 1016 928 Regem
1038 851 1136 925 mittit,

217 955 283 995 cum
297 939 436 998 mendatis
450 943 668 1018 hujuscemodi:

254 1029 401 1098 XXXIII.
437 1033 545 1090 “Deos
572 1033 760 1109 hominesque
786 1043 936 1107 testamur,
971 1033 1136 1110 imperetur,

214 1137 267 1177 nos
282 1139 359 1178 erma
372 1142 466 1197 neque
480 1134 583 1181 contre
594 1125 715 1199 patriam
736 1126 857 1199 cepisse,
872 1143 966 1201 neque
986 1143 1044 1199 quo
1063 1125 1137 1200 peri·

214 1210 311 1268 culum
326 1213 390 1269 eliis
405 1215 576 1284 faceremus,
591 1215 643 1270 sed
657 1215 700 1271 uti
722 1232 844 1289 corpora
857 1225 955 1272 nostra
975 1216 1011 1272 ab
1032 1214 1137 1290 injuria

214 1309 275 1360 tute
288 1303 401 1371 sorent;
423 1305 472 1376 qui
486 1305 594 1372 miseri,
609 1314 737 1378 egentes,
750 1305 888 1360 violentia
909 1314 994 1378 etque
1014 1305 1137 1362 crudeli·

213 1399 273 1448 tete
287 1393 502 1461 foenerstorum,
517 1393 646 1465 plerique
658 1393 768 1465 petriae‚
783 1393 834 1448 sed
847 1411 948 1448 omnes
962 1393 1038 1449 fmus
1053 1404 1137 1467 etque

216 1479 349 1549 fortunis,
364 1489 494 1552 expertes
508 1499 625 1536 sumus:
646 1498 740 1552 neque
754 1481 889 1553 cuiquam
902 1491 1031 1536 nostrum
1044 1481 1137 1552 licuit,

216 1587 297 1626 more
311 1569 461 1642 majorum,
477 1569 541 1644 lege
556 1569 607 1638 uti,
619 1587 725 1642 neque,
741 1569 845 1626 emisso
864 1569 1048 1644 patrimonio,
1068 1569 1139 1628 libe·

214 1677 279 1716 rum
307 1677 412 1733 corpus
439 1659 564 1728 hebere3
595 1669 674 1716 tenta
698 1659 807 1716 sevitie
827 1659 1030 1717 soeneretorum
1053 1675 1138 1736 utque

215 1750 346 1826 pretoris
358 1749 421 1807 suit.
463 1751 547 1824 Saepe
560 1750 683 1826 majores
695 1760 831 1822 vestrum,
843 1751 963 1808 miseriti
975 1751 1066 1826 plebis
1077 1751 1139 1809 Ro-

216 1859 317 1912 mane,
332 1841 456 1898 decretis
476 1841 536 1897 rsui
551 1841 655 1915 inopiae
669 1841 731 1916 ejus
745 1841 877 1919 opitulati
890 1849 974 1898 sunt:
997 1859 1032 1897 ec
1046 1841 1139 1900 novis·

214 1949 306 2003 sume,
320 1932 459 1990 memorie
468 1941 576 2003 nostra,
590 1941 705 2006 propter
718 1931 947 2008 magnitudinem
962 1932 1026 1988 ieris
1041 1931 1137 2004 aliem,

216 2023 377 2080 volentibus
404 2022 537 2078 omnibus
564 2021 657 2092 bonis,
686 2033 835 2097 argentum
862 2040 917 2078 aere
937 2022 1064 2079 solutum
1083 2032 1135 2084 ed.

216 2114 300 2189 Saepe
314 2113 375 2187 ipse
388 2112 496 2187 plebes,
513 2122 560 2168 ant
574 2112 739 2169 dominandi
753 2112 849 2169 studio
861 2123 1001 2187 permota,
1022 2123 1072 2170 eut
1091 2132 1137 2171 su·

214 2204 314 2278 perbia
327 2203 554 2278 magistratuum,
571 2211 678 2258 armate
692 2221 708 2260 e
720 2203 848 2277 putribus
859 2204 986 2260 recessit.
1028 2203 1070 2261 At
1083 2221 1138 2262 uos

216 2311 273 2352 non
301 2295 452 2369 Imperium
479 2311 572 2368 neque
596 2292 709 2350 divitias
735 2294 867 2369 petimuS,
894 2312 1014 2369 quarum
1041 2313 1138 2354 rerum

216 2401 318 2449 caussa
331 2385 407 2440 bella
421 2393 505 2457 utque
519 2383 676 2440 certamina
689 2384 787 2440 omniu
806 2384 881 2440 inter
901 2385 1030 2442 mortalis
1050 2393 1137 2442 sunt:

217 2476 267 2532 sed
280 2475 451 2545 libertatem,
466 2493 552 2548 quem
566 2475 767 2544 nemobonus,
782 2474 838 2530 nisi
853 2492 920 2530 cum
935 2475 1031 2530 anime
1041 2474 1137 2544 simul,

218 2565 329 2622 emittit.
369 2565 416 2622 Te
430 2575 515 2638 atque
529 2573 659 2620 senatum
673 2564 860 2631 obtestamur,
875 2563 1034 2619 consuletis
1054 2563 1139 2620 mise·

218 2653 259 2711 ris
284 2655 410 2724 civibus3
437 2655 510 2730 legis
540 2652 715 2728 presidium,
742 2651 819 2723 quod
846 2649 982 2722 iniquitas
1008 2653 1139 2724 presteris

219 2743 332 2818 eripuit,
346 2744 518 2801 restituetis:
540 2759 613 2800 neve
634 2759 697 2798 eam
718 2739 961 2798 necessitudinem
981 2740 1066 2798 nobis
1087 2741 1138 2801 im·

217 2835 340 2910 ponetis,
354 2844 386 2891 ut
405 2853 575 2909 queramus,
591 2850 718 2908 quonam
738 2831 826 2889 modo
846 2829 900 2888 ulti
921 2850 1055 2892 maxume
1075 2853 1139 2894 san·

217 2926 334 3002 guinem
347 2931 477 2982 nostrum
490 2925 669 3000 pereamus.’'

255 3015 402 3073 XXXIV.
431 3015 478 3072 Ad
490 3015 551 3072 hec
564 3014 605 3076 Q.
615 3013 745 3073 Marcius
758 3013 922 3089 respondit:
944 3021 963 3048 ‘⁶
976 3014 1089 3086 Siquid
1101 3017 1139 3074 ab

217 3116 318 3164 senatu
337 3117 435 3182 petere
449 3106 564 3178 vellent,
580 3105 616 3162 ab
637 3104 723 3162 ermis
743 3104 908 3173 discedent·
925 3103 1052 3158 Romam
1074 3121 1139 3179 snp-

217 3195 552 3272 plicesprcticiscentur:
568 3215 603 3252 es
612 3194 930 3264 mansuetudinemque
940 3189 1138 3252 misericordia

218 3297 347 3344 senatum
366 3287 562 3364 populumque
575 3284 740 3340 Romanum
755 3299 867 3356 semper
882 3280 979 3350 fuisse,
1000 3290 1032 3337 nt
1052 3299 1138 3342 nemo

216 3395 351 3452 umquam
366 3379 402 3434 ab
420 3395 457 3434 eo
470 3375 576 3433 frustra
596 3372 734 3430 auxilium
752 3368 914 3445 petiverit.”
957 3370 998 3427 At
1011 3369 1139 3432 Catilina

213 3483 250 3525 ex
269 3468 374 3526 itinere
387 3465 532 3541 plerisque
552 3461 763 3532 consularibus,
782 3468 921 3534 preterea
940 3472 1059 3537 optumo
1078 3463 1139 3520 cui·

213 3577 279 3636 que,
293 3559 407 3617 litteras
419 3556 522 3621 mittit:
545 3561 564 3592 ‘⁸
576 3571 609 3612 se
621 3551 700 3612 t’elsis
714 3549 885 3610 criminibus
898 3551 1137 3618 circumventum,
