2656 4276
207 349 252 417 82
498 361 661 407 smnnsrrr
683 361 841 406 cantaras.

208 511 260 572 ubi
272 509 423 586 paullatim
436 506 557 566 licentia
570 507 670 578 crevit,
683 506 765 582 juxta
778 505 871 562 bonos
885 513 914 562 et
927 501 1019 562 malos
1032 501 1137 564 lubidi-

208 619 280 662 nose
295 600 467 670 interlicere,
482 609 595 656 ceteros
609 608 687 654 metu
701 606 816 654 terrere.
858 594 904 654 Ita
918 595 1030 668 civitas,
1051 597 1139 655 serri-

208 701 271 752 tute
284 709 429 768 oppressa,
444 690 537 748 stultae
552 689 658 747 laetitia
672 688 767 764 gravis
779 705 879 762 poenas
899 687 986 746 dedit.
1028 685 1139 748 Nostra

209 783 359 854 memoria,
375 782 468 839 victor
483 781 564 838 Sulla
578 799 667 855 quum
682 779 890 854 Damasippum
905 789 934 836 et
949 778 1020 836 alios
1041 779 1138 856 hujus·

209 874 298 946 modi,
313 875 362 950 qui
377 873 453 930 malo
467 871 634 948 reipublicae
648 878 808 941 creverant,
819 869 946 946 jugulari
963 869 1059 946 jussit,
1074 870 1137 945 quis

210 983 270 1024 uon
285 965 392 1022 lactum
407 965 469 1040 ejus
481 963 637 1022 laudabatl
658 959 790 1018 homines
804 961 942 1017 scelestos
952 970 981 1018 et
990 960 1137 1033 factiosos,

210 1056 261 1134 qui
274 1055 466 1114 seditionibus
486 1052 694 1128 rempublicam
717 1050 941 1128 exagitaverant,
962 1052 1065 1109 merito
1088 1069 1137 1110 ne·

210 1155 292 1204 catos
307 1145 429 1201 aiebant.
472 1143 532 1200 Sed
557 1161 592 1199 ea
616 1159 662 1198 res
687 1160 799 1218 magnae
822 1141 936 1199 initium
960 1141 1052 1199 cladis
1074 1142 1136 1202 luit.

210 1235 298 1307 Nam,
313 1235 355 1291 uti
370 1233 491 1308 quisque
504 1233 632 1304 domurn,
653 1242 700 1290 aut
722 1232 829 1304 villam,
842 1243 988 1308 postremo
1009 1243 1058 1290 aut
1078 1251 1137 1306 ras,

211 1336 260 1385 aut
273 1326 475 1382 vestimentum
490 1325 611 1401 alicujus
625 1324 841 1400 concupiverat,
856 1324 943 1382 dabat
956 1342 1083 1399 operam,
1094 1322 1137 1382 uti

210 1416 241 1477 iu
254 1417 480 1495 proscriptorum
494 1433 616 1474 numero
639 1425 722 1473 esset.
764 1414 819 1488 Ita,
843 1415 948 1490 quibus
969 1413 1138 1492 Damasippi

210 1527 289 1568 mors
301 1509 408 1566 laetitia
422 1508 525 1578 fuerat,
539 1518 604 1583 post
623 1507 721 1583 paullo
741 1505 796 1583 ipsi
816 1505 1021 1563 trahebantur:
1043 1523 1138 1582 neque

209 1600 291 1678 prius
303 1601 369 1657 finis
380 1599 532 1675 jugulandi
546 1599 610 1670 fuit,
625 1617 712 1673 quam
726 1597 807 1655 Sulla
827 1597 922 1654 omnis
942 1615 1010 1654 suos
1030 1596 1137 1656 divitiis

210 1689 343 1765 explevit.
386 1689 483 1763 Atque
498 1707 552 1766 ego
573 1690 636 1746 haec
656 1707 715 1744 non
736 1687 767 1745 in
788 1685 829 1745 Μ.
845 1685 958 1759 Tullio,
978 1705 1072 1762 neque
1091 1686 1137 1745 his

210 1779 398 1856 temporibus,
414 1797 531 1836 vereor:
554 1779 604 1836 sed
619 1779 649 1834 in
664 1765 770 1854 magna
783 1776 900 1834 civitate
915 1779 1005 1835 multa
1018 1788 1047 1835 et
1060 1775 1138 1836 varia

210 1870 328 1950 ingenia
352 1880 427 1929 sunt.
474 1870 584 1941 Potest,
609 1868 666 1926 alio
688 1877 827 1943 tempore,
854 1867 910 1924 alio
934 1869 1064 1940 consule,
1089 1867 1137 1926 cui

211 1961 280 2022 item
308 1963 451 2020 exercitus
479 1961 509 2018 in
536 1979 625 2019 manu
666 1959 713 2030 sit,
738 1957 840 2014 falsum
866 1957 974 2032 aliquid
997 1975 1137 2036 protero

211 2053 310 2112 credi:
342 2052 392 2110 ubi
420 2051 476 2108 hoc
498 2050 640 2125 exemplo,
664 2066 716 2124 per
740 2047 833 2106 senati
855 2047 1014 2121 decretum,
1036 2047 1137 2107 consul

211 2142 339 2220 gladium
354 2141 494 2212 eduxerit,
509 2141 574 2216 quis
588 2140 629 2196 illi
643 2139 730 2196 finem
746 2147 861 2210 statuet,
875 2149 924 2196 aut
937 2139 1139 2214 quismodera·
1174 2171 1179 2186 ·

210 2232 310 2290 bituri
352 2231 479 2306 Majores
492 2231 593 2301 nostri,
605 2231 705 2286 Patres
719 2229 887 2306 conscripti,
902 2246 994 2302 neque
1008 2229 1137 2303 consilii,

210 2339 305 2396 neque
330 2322 457 2378 audaciae
484 2339 620 2396 umquam
647 2338 772 2396 eguere:
802 2338 896 2396 neque
923 2319 979 2376 illis
1002 2321 1140 2394 superbia

210 2411 353 2483 obstabat,
368 2430 425 2485 quo
439 2411 534 2468 minus
549 2411 643 2468 aliena
657 2411 796 2482 instituta,
811 2412 835 2468 si
849 2410 1033 2486 modoproba
1045 2419 1138 2484 erant,

211 2503 401 2562 imitarentur.
443 2503 535 2559 Arma
550 2511 635 2576 atque
655 2502 713 2558 tela
732 2502 868 2559 militaria
892 2504 928 2560 ab
949 2501 1137 2575 Samnitibus,

210 2593 337 2672 insignia
351 2593 569 2672 magistratuum
592 2594 627 2650 ab
641 2591 750 2650 Tuscis
773 2591 910 2668 pleraque
935 2601 1137 2668 sumpserunt:

209 2695 365 2762 postremo,
380 2687 457 2762 quod
471 2685 578 2760 ubique
600 2685 675 2760 apud
699 2685 794 2742 socios
818 2695 867 2742 aut
890 2683 981 2741 hostis
1002 2685 1139 2742 idoneum

210 2776 371 2844 ridebatur,
387 2793 452 2831 cum
469 2793 582 2831 summo
596 2767 692 2830 studio
707 2775 785 2830 domi
806 2769 1055 2848 exsequebantur:
1077 2773 1140 2831 imi·

210 2864 266 2920 tari
289 2879 375 2936 quam
399 2861 528 2918 inridere
551 2861 635 2916 bonis
659 2863 813 2917 malebant.
868 2861 938 2931 Sed,
964 2864 1068 2921 eodem
1090 2863 1139 2921 illo

211 2961 350 3026 tempore,
364 2948 485 3006 Graecia
500 2965 609 3004 morem
624 2949 737 3018 imitati,
752 2948 918 3006 verberibus
933 2950 1140 3013 animadvorte-

211 3041 281 3100 bant
295 3039 325 3098 in
340 3038 421 3108 civis,
434 3038 470 3096 de
484 3037 684 3095 condemnatis
698 3055 842 3094 summum
857 3039 1030 3116 supplicium
1046 3061 1139 3103 sumc-

211 3133 289 3192 bant.
344 3132 499 3204 Postquam
533 3128 697 3204 respublica
731 3128 863 3199 adolevit,
892 3140 921 3189 et
954 3132 1138 3193 multitudine

211 3225 319 3284 civium
347 3222 488 3281 factiones
507 3220 633 3291 valuere,
655 3220 865 3280 circumvenire
880 3221 1061 3297 innocentes,
1084 3224 1138 3282 alia

211 3313 412 3393 hujuscemodi
426 3313 488 3373 fieri
501 3331 613 3388 coepere
625 3333 632 3383 3
654 3323 715 3371 tum
726 3313 772 3372 lex
782 3313 888 3373 Porcia
898 3315 1018 3390 aliaque
1031 3325 1136 3391 paratas

212 3416 279 3462 sunt
301 3405 420 3481 (quibus
440 3405 566 3484 legibus)
590 3405 707 3463 exilium
730 3405 872 3464 damnatis
894 3407 1065 3482 permissum
1085 3413 1136 3462 est.

213 3491 301 3550 Hanc
314 3512 369 3568 ego
384 3515 525 3568 caussam,
539 3495 640 3554 Patres
654 3495 822 3572 conscripti,
836 3514 894 3570 quo
914 3498 1010 3556 minus
1030 3512 1137 3554 novum

213 3580 369 3641 consilium
384 3585 541 3658 capiamus,
556 3585 587 3644 in
607 3586 708 3661 primis
726 3604 862 3663 magnam
881 3600 960 3665 puto.
1001 3587 1137 3646 Profecto
