2682 4268
248 374 311 438 11⁰
524 387 690 436 munem
710 389 889 436 meumst.

244 533 445 607 reseebantur,
456 541 486 592 et
498 549 594 610 neque
614 531 715 608 sulem,
728 551 824 611 neque
838 533 894 594 ulis
907 533 1090 596 irritamenta
1103 534 1179 617 gule

244 625 431 700 querebsnt3
453 626 537 684 eibus
551 625 608 684 illis
622 626 774 685 udvorsum
788 626 894 685 lumem
909 636 995 703 utque
1008 628 1098 703 sitim,
1119 645 1179 691 nou

243 713 379 787 lubidini,
393 731 489 791 neque
501 715 623 773 luxurie
637 724 707 774 erut

283 805 351 864 XO.
378 804 472 885 Igitur
492 806 606 879 uonsul,
620 805 756 864 omnibus
769 805 935 882 exploretis,
950 807 1050 881 oredo,
1063 808 1108 866 dis
1121 808 1177 868 sre—

242 905 314 969 tus3·
330 916 399 956 uum
419 907 630 957 eonuutmtts
649 897 836 956 difficultates
856 897 982 956 oonsilio
1001 900 1071 957 setis
1083 899 1176 976 provi·
1255 898 1256 901 ’

243 987 314 1048 dere
330 1007 390 1048 non
403 999 532 1066 poteret3
553 989 659 1066 quippe
679 989 767 1047 etium
788 989 925 1048 frumenti
944 990 1045 1066 inopia
1056 1000 1176 1067 temptu-

243 1079 337 1152 bttur,
362 1079 440 1156 qued
459 1079 597 1138 Numida
617 1079 724 1156 pabulo
743 1081 859 1155 peeoris
879 1080 973 1158 mugis
999 1096 1086 1156 quum
1108 1094 1176 1139 erre

242 1170 370 1242 student,
384 1180 414 1227 et
427 1170 632 1245 quodcumque
645 1180 747 1228 netum
760 1170 864 1242 luerit,
875 1169 958 1247 jussu
971 1171 1050 1248 regis
1064 1171 1095 1229 in
1108 1157 1175 1230 luet

242 1260 357 1320 munite
374 1261 567 1332 eontulermt,
584 1277 653 1337 eger
667 1270 764 1318 tutem
778 1261 876 1318 aridus
888 1271 918 1319 et
932 1261 1047 1339 frugum
1066 1278 1177 1320 rreum

151 1422 158 1433 ¹
241 1369 277 1412 et
290 1361 461 1428 tempestate
471 1369 479 1422 ;
504 1369 571 1408 nom
585 1351 692 1409 aeststis
712 1361 872 1408 extremum
894 1361 956 1410 erat
966 1371 974 1422 ;
1002 1361 1101 1410 tumen
1120 1367 1173 1428 pro

241 1441 285 1502 rel
305 1442 392 1519 eupit
411 1442 482 1500 sutis
500 1441 685 1518 providenter
706 1452 844 1500 exornet:
866 1459 958 1518 pecus
977 1459 1075 1514 omne,
1097 1441 1173 1518 quod

242 1531 441 1608 superioribus
465 1530 568 1593 diebus
590 1530 694 1606 proedte
715 1530 819 1603 fueret,
844 1530 991 1604 equitibus
1017 1531 1174 1588 suxilimiit

244 1621 388 1698 egendum
399 1619 554 1678 adtribuit:
576 1619 613 1676 A.
624 1617 768 1678 Munlium
782 1619 910 1696 legatum
920 1637 988 1676 uum
1007 1619 1175 1676 cohortibus

242 1711 385 1787 expeditis
399 1711 436 1768 ud
456 1710 594 1787 oppidum
615 1709 709 1782 Laris,
722 1711 774 1768 ubi
791 1711 968 1786 stipendium
988 1720 1017 1768 et
1031 1725 1176 1768 eummee

242 1811 306 1861 tum
318 1801 475 1875 looarertt,
490 1801 532 1860 ire
550 1800 633 1878 jubet
651 1801 790 1878 dicitque,
810 1819 843 1859 se
861 1800 1091 1876 predubundum
1111 1811 1175 1877 pert

241 1911 353 1970 puueus
363 1894 427 1953 dies
440 1893 543 1952 eudem
552 1901 715 1952 rentumm.
756 1892 808 1952 sie
822 1892 940 1970 inoepto
953 1906 1007 1951 ruo
1017 1892 1173 1963 ouuultutu,

241 1984 338 2062 pergit
352 1985 388 2043 sd
402 1984 510 2042 flumen
523 1982 649 2042 Tenum.
928 2052 936 2066 ,

282 2075 366 2133 xci.
393 2074 533 2134 Ceterum
552 2072 583 2132 iu
602 2072 707 2132 itinere
725 2072 834 2132 ootidie
854 2091 945 2149 peous
963 2072 1105 2134 exereitui
1124 2088 1174 2149 per

243 2165 399 2236 eenturius,
414 2165 482 2223 item
496 2175 615 2238 turmas,
627 2165 774 2240 equaliter
782 2165 979 2238 distribueret,
994 2175 1023 2224 et
1036 2179 1074 2224 ex
1087 2163 1173 2222 eoriis

243 2263 322 2312 utres
345 2255 389 2312 uti
412 2253 519 2313 tierent·
537 2255 674 2313 curabat:
696 2256 781 2314 simul
807 2255 863 2337 [et]
886 2257 1016 2334 inopium
1036 2254 1172 2313 frumenti

242 2345 345 2419 lenire,
360 2355 399 2418 et,
410 2345 519 2423 igniris
531 2346 677 2420 omnibus,
694 2365 808 2424 perure,
821 2367 885 2424 que
895 2367 964 2406 mox
982 2348 1049 2406 usui
1070 2348 1175 2405 forent

243 2435 379 2512 Denique
393 2446 474 2495 sexto
487 2437 545 2511 die,
557 2455 647 2513 quum
661 2439 697 2496 sd
712 2438 821 2497 flumen
841 2449 958 2498 ventum
972 2449 1025 2511 est,
1039 2455 1174 2496 maxume

243 2527 287 2587 ris
307 2529 416 2588 utrium
437 2528 548 2588 effecte
588 2527 635 2586 Ibi
656 2531 758 2588 enutris
778 2530 834 2588 levi
854 2531 1035 2588 munimento
1061 2528 1171 2604 positis,

245 2619 352 2680 milites
366 2621 465 2680 eibum
479 2639 593 2698 erpere,
615 2630 709 2696 utque,
724 2622 767 2680 nti
788 2621 873 2680 simul
894 2639 962 2678 eum
983 2635 1091 2678 eeemu
1106 2617 1174 2676 solis

244 2711 461 2788 egrederentur,
475 2719 590 2789 paratos
601 2730 664 2770 esse
675 2713 773 2788 jubet3
795 2711 932 2770 omnibus
944 2711 1066 2770 rureiuis
1081 2709 1174 2788 ubjeo

244 2801 292 2872 tis,
315 2821 390 2876 equs
403 2801 491 2860 modo
512 2819 600 2877 seque
622 2812 651 2860 et
670 2802 803 2879 jumenta
819 2821 948 2862 operere.
989 2801 1078 2872 Dein,
1099 2809 1173 2876 post·

244 2906 332 2964 quem
352 2900 467 2964 tempus
486 2889 591 2962 risum,
604 2893 707 2949 uestris
727 2893 882 2970 egreditur,
896 2902 1071 2965 noetemque
1083 2901 1172 2948 totum

243 2979 350 3038 itinere
364 2979 452 3050 laeto,
464 2979 616 3038 consedit:
638 2982 714 3040 idem
728 3003 869 3059 proxume
882 2984 971 3041 lauit:
992 2983 1060 3040 dein
1079 2981 1173 3050 terim,

245 3070 338 3130 multo
353 3081 419 3130 unte
429 3070 505 3128 lueis
519 3071 682 3144 adventum,
696 3075 826 3149 pervenit
837 3076 868 3132 in
878 3075 975 3132 loeum
986 3073 1174 3142 tumulosum,

247 3163 284 3223 ub
298 3163 394 3241 Capsu
413 3181 473 3222 non
495 3162 617 3245 emplius
630 3163 720 3222 duum
739 3164 1044 3233 milliuminterml103
1067 3163 1174 3237 ibique,

246 3273 334 3332 quum
346 3254 553 3314 occultissume
566 3263 671 3330 potest,
686 3273 755 3312 eum
765 3257 900 3314 erunibus
912 3254 1006 3330 copiis
1019 3254 1174 3329 opperitur.

249 3344 318 3418 Sed,
332 3347 383 3404 ubi
397 3347 460 3405 dies
473 3345 570 3422 ooepit,
585 3356 615 3404 et
627 3346 658 3404 N
660 3345 775 3418 umidae,
789 3347 861 3404 nihil
882 3345 987 3403 hostile
1004 3353 1175 3413 metuentes,

247 3434 331 3492 multi
345 3437 451 3512 oppido
464 3437 588 3514 egressi3
611 3435 728 3512 repente
741 3453 857 3493 omnem
877 3436 1050 3510 equititum,
1065 3443 1095 3490 et
1109 3449 1176 3490 eum

249 3521 295 3582 his
317 3523 522 3585 velocissumos
544 3527 657 3602 pedites
681 3542 767 3584 eursu
787 3523 906 3584 tendere
934 3525 969 3583 ud
990 3524 1127 3598 Capsum,
1148 3531 1179 3580 et

248 3621 347 3692 portus
359 3613 491 3674 obsidere
499 3617 600 3692 jubet:
622 3616 727 3676 deiude
738 3616 799 3692 ipse
813 3616 941 3674 intentus
950 3633 1074 3692 propere
1084 3611 1179 3688 nequi,
