2656 4276
463 337 628 382 munus-m
647 337 825 381 moueant.
1071 319 1114 383 57

182 479 360 558 sagarum
384 479 420 538 ab
440 489 543 539 senatu
563 488 673 556 petere,
695 497 733 538 ne
754 497 785 537 se
810 477 897 536 ulium
918 487 1115 554 putarentur)

183 569 352 630 Numantiae
363 571 496 647 cognitus
505 581 592 643 esset,
603 589 661 629 neu
672 572 759 628 verbs
768 569 880 628 inimici
894 579 961 627 aute
973 569 1113 628 saetosus

181 663 351 738 ponerent.”
393 662 507 720 Deinde
522 661 635 736 utrique
649 661 732 720 ouria
750 661 946 739 egrediuntur.
987 660 1114 719 Senatus

181 753 280 810 statim
302 753 478 810 oonsulitur:
501 752 627 811 fautores
647 752 818 829 legatorum,
840 761 981 827 preterea
1006 769 1114 828 magna

181 861 261 918 pars,
288 842 382 918 gretia
408 843 576 918 depravatu,
600 843 776 901 Adherbalis
809 843 889 900 diota
915 851 1112 914 contemnere,

182 932 338 1009 Jugurrhae
374 933 505 991 virtutem
544 935 681 992 extollere
715 933 866 1002 laudibus;
897 932 1001 1008 gratia,
1029 949 1112 1004 rooe,

181 1022 309 1098 denique
323 1025 456 1081 omuibus
471 1025 563 1081 modis
579 1043 632 1101 pro
648 1025 743 1083 alieno
757 1024 867 1082 scelere
882 1033 911 1080 et
924 1022 1046 1099 flagitio,
1060 1033 1114 1080 sua

181 1113 265 1188 quasi
285 1133 338 1189 pro
361 1115 461 1190 gloria,
484 1116 659 1172 nitebantur.
700 1116 743 1173 At
765 1124 869 1172 eontra
889 1115 987 1190 pauci,
1007 1114 1112 1189 quihus

181 1203 289 1261 bonum
313 1215 343 1262 et
369 1222 482 1279 aequum
504 1205 613 1262 divitiis
646 1205 742 1262 uarius
774 1217 846 1278 erat,
880 1205 1111 1263 subveniundum

180 1292 354 1364 Adherbali,
374 1305 405 1351 et
425 1294 601 1368 Hiempsalis
627 1305 750 1351 mortem
783 1314 881 1352 severe
908 1296 1112 1354 vindicandam

179 1385 360 1440 oensebuut:
382 1383 434 1438 sed
458 1401 495 1436 ex
515 1383 650 1438 omnibus
671 1401 804 1439 maxume
824 1384 960 1440 AEmilius
975 1387 1112 1455 Scaurus,

179 1472 274 1530 homo
287 1471 404 1541 nobilis,
414 1469 546 1545 impiger,
558 1470 705 1541 laotiosus,
718 1471 816 1527 avidus
829 1472 974 1544 potentias,
986 1473 1114 1543 honoris,

179 1561 352 1620 divitiarum
360 1579 368 1629 ;
398 1570 527 1616 ueterum
554 1559 625 1616 vitia
651 1579 705 1616 sua
737 1561 841 1617 callide
865 1561 1033 1618 oooultans.
1084 1560 1116 1620 Is

179 1663 338 1728 postquam
352 1650 431 1707 ridet
450 1649 528 1726 regis
543 1649 726 1726 largitionem
747 1641 885 1707 famosam
906 1651 1115 1726 impudentem·
1166 1689 1168 1694 ,

180 1761 250 1818 que,
266 1742 383 1812 veritus,
397 1741 475 1816 quod
496 1741 526 1798 in
546 1741 597 1798 tali
619 1759 650 1798 re
664 1741 746 1813 solet,
761 1759 798 1798 ne
811 1741 921 1816 polluta
941 1742 1060 1799 licentia
1073 1743 1115 1800 iu·

180 1832 290 1890 vidium
306 1831 490 1901 accenderet,
502 1831 631 1888 animum
641 1850 658 1888 a
667 1842 808 1888 consueta
821 1831 952 1889 lubidine
962 1832 1113 1890 oontinuit.

221 1921 307 1980 XVI.
339 1921 421 1979 Vioit
433 1931 532 1978 tamen
554 1921 584 1978 in
606 1932 795 1995 senatu'pars
819 1922 878 1994 illa,
894 1941 957 1996 quae
972 1941 1039 1979 vero
1052 1941 1115 1998 pre·

180 2011 259 2071 tium
281 2020 331 2067 aut
351 2011 472 2085 gratiam
493 2011 678 2068 anteferebat.
720 2011 879 2070 Deoretum
899 2013 941 2084 fit,
956 2014 996 2071 uti
1012 2013 1113 2072 deoem

180 2100 276 2179 legati
290 2117 422 2175 reguum,
431 2099 507 2172 quod
522 2099 649 2175 Mieipsa
662 2101 836 2172 obtinuerat,
851 2103 925 2158 inter
939 2103 958 2160 J
961 2103 1113 2180 ugurthani

179 2202 210 2251 et
226 2190 423 2248 Adherbalem
439 2188 615 2247 dividerent:
638 2191 721 2266 eujus
741 2191 895 2268 legationis
908 2193 1043 2271 princeps
1057 2194 1112 2254 fuit

79 2341 81 2346 ,
181 2281 217 2342 L.
232 2281 377 2356 Opimius,
393 2279 480 2338 homo
492 2282 587 2338 clarus
602 2291 631 2338 et
645 2293 705 2339 tum
734 2283 764 2338 in
789 2294 889 2341 senatu
904 2295 1023 2360 potens3
1044 2286 1113 2360 quia

182 2371 297 2442 oonsul‚
322 2370 357 2427 Ο.
384 2371 520 2428 Graooho
550 2383 579 2428 et
607 2371 649 2428 Μ.
671 2372 774 2428 Fulvio
802 2373 913 2431 Fleooo
940 2374 1110 2446 intersectis,

182 2479 333 2520 auerrume
360 2460 509 2517 victoriam
537 2462 697 2518 nobilitatis
725 2463 755 2517 in
787 2463 900 2536 plebem
934 2473 1111 2520 exerouerat.

182 2551 260 2611 Eum
274 2552 293 2608 J
295 2551 419 2628 ugurtha
431 2552 546 2609 tametsi
566 2551 670 2608 Romae
685 2551 716 2606 in
738 2550 839 2607 amieis
852 2550 1002 2620 habuerat,
1017 2560 1113 2609 tamen

183 2641 411 2700 udouratissume
445 2641 574 2714 reoepit;
609 2640 705 2696 dando
736 2649 765 2694 et
797 2639 988 2712 pollicitando
1022 2639 1113 2698 multa

182 2731 313 2808 perfeoit,
341 2731 383 2788 uti
411 2730 497 2802 sama,
524 2729 591 2799 fide,
619 2739 764 2804 postremo
790 2728 926 2786 omnibus
946 2729 1006 2788 suis
1026 2730 1113 2789 rebus

183 2822 369 2880 commodum
392 2821 470 2895 regis
494 2820 656 2877 anteferret.
706 2819 849 2894 Reliquos
872 2820 983 2897 legatos
1010 2823 1111 2880 eudem

182 2911 229 2970 via
250 2912 412 2987 adgressus,
427 2910 577 2984 plerosque
594 2911 687 2985 oapit;
709 2911 810 2986 paneis
824 2912 917 2969 oarior
932 2913 1012 2983 fides,
1027 2933 1112 2989 quam

181 3001 308 3077 peounia
328 3000 390 3056 fuit.
431 2999 467 3056 In
487 3001 638 3072 divisione,
657 3019 720 3076 quer
737 3021 806 3076 pers
825 3002 975 3060 Numidiae
996 3002 1113 3058 Maure·

182 3091 291 3148 turriam
326 3089 458 3166 adtingit,
486 3109 565 3166 egro,
598 3091 723 3165 virisque
756 3093 930 3166 opulentior,
958 3089 1112 3162 Jugurthre

184 3181 321 3237 traditur:
351 3178 429 3236 illam
458 3180 575 3238 ulteram
610 3181 718 3255 speeie,
746 3199 832 3254 quam
862 3199 927 3248 usu,
961 3177 1112 3251 potiorem,

183 3288 248 3346 quoe
262 3269 423 3344 portuosior
436 3280 465 3326 et
476 3270 607 3328 aedifroiis
621 3270 713 3344 magis
728 3279 865 3326 exornata
877 3276 950 3336 erat,
965 3264 1112 3324 Adherbal

181 3361 320 3510 poixoeldii.
356 3453 421 3509 Res
450 3449 596 3526 postulare
622 3445 735 3503 videtur
765 3445 875 3503 Africae
899 3445 984 3503 situm
1011 3445 1113 3522 puuois

180 3557 341 3625 exponere,
365 3552 396 3603 et
422 3559 471 3600 eas
492 3548 603 3619 gentes,
624 3536 797 3614 quibuscum
820 3536 904 3596 uobis
928 3537 1035 3599 bellurn
1063 3545 1113 3598 sut
