2682 4268
223 349 285 412 102
501 364 665 408 succussu
686 362 868 406 susumus.

221 507 365 586 cognovit,
380 527 438 564 uon
453 518 571 577 temere,
586 523 690 580 neque,
702 505 744 563 uti
759 523 835 580 soepe
845 505 905 581 jam
916 503 994 562 victo
1003 504 1154 583 Iugurtha

220 609 419 670 consueverat,
434 598 569 655 omnibus
583 597 656 656 locis
668 595 818 672 pugnandi
832 596 947 670 copiam
962 597 1047 656 lacit:
1074 609 1153 656 cete·

220 709 284 748 rum
305 690 381 746 hand
402 689 503 763 procul
526 689 561 745 ab
576 688 668 758 Cirta,
682 686 784 744 castris
805 686 937 758 munitis,
959 705 1043 764 reges
1064 707 1151 764 oppe-

219 779 308 850 ritur;
330 780 434 836 melius
457 797 521 836 esse
547 787 637 848 ratus,
663 777 788 853 cognitis
813 775 936 848 Mauris,
960 779 1097 852 quoniam
1124 780 1150 838 is

219 888 311 930 novus
339 871 429 926 hostis
454 878 626 939 accesserat,
648 887 684 926 ex
712 868 866 924 commodo
892 887 1019 944 pugnam
1044 870 1149 928 facere.

220 960 341 1020 Interim
355 961 453 1018 Roma
467 979 516 1036 per
531 960 641 1017 litteras
662 959 766 1016 certior
788 958 830 1029 fit,
846 959 1025 1033 provinciam
1046 960 1151 1018 Numi·

220 1052 298 1111 diam
317 1051 413 1110 Mario
427 1052 523 1108 datam
536 1071 542 1107 ε
564 1069 631 1106 narn
652 1049 801 1106 consulem
816 1048 936 1120 lactum,
950 1059 1016 1106 ante
1031 1068 1149 1125 accepe-

219 1152 271 1200 rat.
312 1142 391 1204 Quis
405 1143 491 1198 rebus
504 1158 591 1214 supra
605 1140 713 1196 bonnm
726 1149 812 1214 atque
823 1139 973 1197 honestum
988 1140 1148 1214 perculsus,

218 1249 314 1306 neque
337 1231 481 1288 lacrumas
503 1240 613 1300 tenere,
644 1247 739 1302 neque
763 1229 907 1286 moderari
929 1229 1088 1305 linguatus
1106 1231 1148 1288 νὴ

219 1321 354 1399 egregius
368 1321 398 1378 in
410 1321 474 1379 aliis
489 1321 608 1390 artibus,
623 1319 710 1376 ulmis
723 1319 849 1376 molliter
864 1319 1066 1397 aegritudinem
1079 1321 1146 1395 pati.

218 1411 319 1476 Quam
332 1431 394 1470 rem
410 1412 457 1469 alii
472 1412 502 1468 in
516 1411 681 1486 superbiam
695 1411 862 1467 vertebant:
884 1410 932 1468 alii
947 1411 1056 1468 bonurn
1071 1411 1148 1487 inge-

218 1504 301 1562 nium
322 1503 498 1562 contumelia
518 1520 674 1562 assensum
689 1520 771 1558 esse:
793 1500 886 1572 multi,
901 1501 979 1574 quod
994 1501 1055 1576 jam
1068 1511 1148 1576 parta

218 1595 342 1652 victoria
354 1614 391 1652 ex
404 1595 538 1652 manibus
551 1593 726 1668 eriperetur:
748 1591 833 1648 nobis
846 1591 915 1649 satis
930 1591 1080 1667 cognitum
1094 1601 1146 1664 est,

219 1686 300 1743 illum
315 1685 407 1760 magis
421 1685 531 1742 honore
547 1681 644 1753 Marii,
658 1700 744 1757 quam
758 1681 864 1756 injuria
876 1700 929 1740 sua
939 1682 1146 1754 excruciatum,

218 1793 313 1852 neque
323 1785 382 1832 tam
398 1775 481 1833 anxie
500 1775 625 1832 laturum
639 1773 737 1844 luisse,
751 1771 777 1830 si
792 1773 925 1848 adempta
934 1772 1085 1848 provincia
1099 1773 1146 1832 alii

218 1885 305 1942 quam
320 1866 416 1924 Mario
430 1866 606 1932 traderetur„

258 1957 433 2016 LXXXIII.
461 1957 554 2032 Igitur
565 1974 600 2014 eo
611 1955 711 2012 dolore
722 1954 888 2034 impeditus,
899 1964 928 2014 et
939 1955 1007 2030 quia
1020 1955 1146 2014 stultitias
1187 1955 1193 1966 '

218 2047 368 2106 videbatur
392 2048 514 2105 alienam
539 2065 599 2104 rem
620 2046 751 2121 periculo
773 2065 827 2104 suo
848 2065 961 2119 curare,
980 2047 1090 2124 legatos
1111 2045 1146 2104 ad

218 2136 370 2198 Bocchum
397 2139 495 2210 mittit,
522 2139 709 2213 postulatum,
741 2145 810 2196 “ne
837 2138 900 2196 sine
928 2157 1032 2196 caussa
1057 2138 1146 2196 hostis

217 2228 325 2304 populo
349 2228 487 2284 Romano
514 2229 615 2285 fieret:
650 2229 757 2287 habere
784 2239 845 2288 tum
873 2249 1007 2306 magnam
1034 2231 1146 2304 copiam

217 2317 366 2376 societatis
381 2317 571 2392 amicitiasque
592 2319 813 2395 conjungendas,
828 2339 892 2394 quae
905 2321 999 2395 potior
1015 2321 1092 2378 bello
1105 2339 1146 2378 es·

217 2418 261 2468 set
274 2427 279 2464 :
304 2425 477 2483 quamquam
489 2408 593 2483 opibus
606 2409 666 2466 suis
677 2411 845 2482 confideret,
857 2420 954 2468 tamen
967 2429 1027 2469 non
1041 2411 1145 2468 debere

218 2498 330 2558 incerta
355 2517 408 2574 pro
435 2498 523 2557 certis
547 2509 676 2558 mutare:
706 2518 792 2558 omne
815 2501 924 2565 bellurn
947 2501 1022 2558 sumi
1050 2501 1145 2572 facile,

217 2600 346 2650 ceterum
366 2608 525 2667 aegerrume
547 2590 699 2648 desinere:
720 2611 779 2650 non
804 2592 835 2648 in
855 2592 984 2668 ejusdem
1004 2602 1145 2667 potestate

218 2681 332 2740 initium
347 2682 409 2757 ejus
423 2692 452 2738 et
462 2681 550 2739 finem
568 2700 651 2740 esse:
673 2682 802 2757 incipere
817 2682 918 2754 cuivis,
933 2683 1019 2741 etiam
1040 2683 1145 2759 ignavo

217 2771 322 2840 licere;
345 2772 450 2845 deponi
465 2791 553 2845 quum
572 2773 698 2829 victores
711 2774 818 2830 velint:
839 2773 961 2848 proinde
974 2773 1029 2830 sibi
1044 2791 1146 2850 regno·

217 2879 273 2936 que
288 2879 341 2916 sno
356 2861 531 2931 consuleret,
545 2879 603 2918 neu
618 2862 747 2920 florentis
762 2882 808 2922 res
828 2883 895 2920 snas
909 2882 977 2921 curn
993 2864 1145 2940 Iugurtha

216 2948 336 3026 perditis
350 2948 512 3008 misceret.’'
555 2950 604 3008 Ad
624 2971 661 3009 ea
677 2971 728 3010 rex
742 2955 810 3013 satis
824 2955 937 3030 placide
951 2956 1038 3012 verba
1058 2954 1143 3012 facit:

217 3046 310 3098 “sese
323 3057 426 3114 pacem
440 3057 556 3114 cupere,
571 3043 622 3098 sed
632 3041 784 3119 Iugurthae
804 3045 982 3102 fortunarum
997 3045 1127 3102 misereri
1135 3063 1143 3114 ;

216 3131 242 3190 si
256 3133 358 3190 cadem
382 3130 424 3188 illi
445 3130 530 3206 copia
551 3131 642 3206 fieret,
663 3134 762 3192 omnia
782 3137 986 3194 conventura’'
1029 3135 1145 3192 Rursus

216 3222 371 3301 imperator
400 3231 501 3280 contra
523 3223 666 3298 postulata
687 3225 798 3282 Bocchi
819 3225 944 3284 nuncios
957 3225 1063 3283 mittit:
1096 3225 1145 3282 ille

215 3316 338 3390 probare
349 3314 463 3390 partim,
479 3313 535 3372 alia
547 3314 681 3373 abnuere.
723 3316 769 3373 Eo
785 3317 872 3373 modo
886 3335 961 3391 sepe
976 3316 1011 3372 ab
1022 3325 1145 3389 utroque

215 3404 311 3463 missis
331 3405 515 3478 remissisque
529 3405 654 3476 nunciis,
669 3416 782 3480 tempus
795 3406 963 3480 procedere,
977 3415 1017 3477 et,
1031 3423 1068 3462 ex
1081 3403 1145 3462 Me·

189 3510 199 3526 ·
215 3493 275 3550 telli
291 3494 447 3565 voluntate,
462 3493 569 3552 bellurn
585 3495 725 3578 intactum
741 3495 826 3552 trahi.

254 3581 425 3642 LXXXIV.
461 3583 504 3640 At
524 3581 646 3656 Marius,
665 3594 698 3644 ut
720 3603 807 3662 supra
829 3585 965 3658 diunius,
988 3583 1145 3660 cupientis·
