2682 4268
211 355 256 424 96
493 376 659 422 amusan
680 375 861 420 mennam.

250 517 378 578 LXXII.
400 519 449 578 Ad
462 535 561 576 carex
575 518 667 590 aliter,
677 528 761 593 atque
773 517 871 576 aalma
884 517 1014 594 gerebat,
1024 517 1144 594 placide

211 611 366 686 raqrondit.
408 609 573 668 Bomilcare
587 609 707 684 aliisque
721 607 828 680 multis,
842 626 916 682 quoe
929 609 1026 666 socios
1041 609 1143 670 insidi·

212 717 293 760 arum
315 709 500 778 cognoverat,
521 699 777 771 interfeminium
800 709 1000 774 oppresserat;
1022 719 1061 760 ne
1083 721 1143 777 qua

210 809 248 849 ex
260 809 296 850 eo
310 791 428 870 negotio
442 791 547 850 reditio
565 791 697 850 orIretur.
738 789 844 864 Neque
866 799 933 865 post
956 790 986 848 id
1006 791 1142 850 locorum

210 879 362 959 Iugurtha
388 882 452 941 dies
482 891 531 940 aut
553 899 612 940 nox
636 881 695 939 ulla
718 880 816 956 quieta
840 879 914 937 mii:
942 899 1038 956 neque
1061 883 1140 956 loco,

210 991 305 1049 neque
319 973 432 1031 mortali
445 973 592 1048 cuiquam,
607 981 655 1030 aut
669 972 791 1047 tempori
811 971 880 1028 satis
894 972 1033 1030 credere:
1057 973 1138 1046 ciris,

210 1065 366 1139 hostesque
391 1065 474 1141 juxta
506 1072 653 1120 metuere:
689 1063 934 1136 clrcumspectare
966 1063 1076 1135 omnia,
1109 1072 1139 1122 et

209 1155 289 1210 omni
317 1154 437 1228 strepitu
463 1169 637 1228 pavescere:
670 1152 727 1209 alio
754 1162 839 1227 atque
874 1152 931 1210 alio
957 1153 1034 1225 loco,
1062 1171 1138 1231 sepe

209 1253 311 1303 contra
324 1245 415 1302 decus
428 1243 540 1320 regium
554 1250 644 1300 noctu
655 1243 837 1317 requiescere
850 1261 856 1300 :
876 1243 1022 1302 interdum
1036 1262 1137 1304 somno

208 1334 330 1406 excitus,
351 1333 470 1410 arreptis
493 1333 579 1391 umis
603 1333 758 1393 tumultuin
783 1333 898 1392 Iacere:
920 1334 962 1392 ita
982 1333 1137 1393 formidine

208 1425 290 1500 quasi
305 1425 450 1496 vecordia,
465 1425 612 1501 exagitari

249 1515 392 1574 LXXIII.
422 1515 515 1593 Igitur
535 1515 681 1587 Metellus,
696 1515 746 1573 ubi
768 1515 804 1572 de
828 1533 898 1572 casu
921 1515 1134 1574 BomilcarIset

209 1606 319 1665 indicio
331 1607 475 1682 patefacto
496 1625 532 1664 ex
552 1606 680 1682 perfugis
704 1606 849 1681 semovit,
867 1623 976 1677 rursus,
991 1615 1135 1681 tamquam

209 1697 245 1754 ad
260 1697 402 1773 integrum
418 1697 535 1770 bellum,
550 1707 658 1754 cuncta
670 1705 751 1772 parat
774 1695 955 1770 festinatque.
997 1695 1134 1769 Marium,

209 1786 376 1864 fatigantem
391 1789 427 1845 de
440 1779 631 1863 profectione,
646 1787 731 1844 simul
752 1795 781 1842 et
802 1786 933 1857 inritum,
948 1800 978 1844 et
992 1787 1134 1844 offensum

207 1878 274 1950 sibi,
288 1897 389 1954 parum
409 1879 546 1936 idoneum
566 1889 655 1949 ratus,
670 1879 787 1934 domum
807 1876 934 1935 dImittit.
977 1877 1016 1934 Et
1030 1877 1134 1936 Rome

207 1969 317 2045 plebes,
332 1970 445 2040 litteris,
460 1989 523 2044 qua
542 1969 579 2026 de
603 1969 722 2025 Metello
747 1985 781 2024 ac
802 1965 899 2026 Mario
923 1967 1017 2025 misse
1042 1978 1133 2040 eraut,

207 2060 343 2135 cognitis,
358 2059 465 2116 volenti
487 2058 583 2116 animo
602 2059 638 2115 de
660 2057 798 2114 ambobus
819 2067 999 2132 acceperant.
1041 2058 1134 2134 Impe-

206 2149 296 2206 ratori
309 2149 455 2221 nobilitas,
471 2167 534 2224 que
549 2159 634 2206 antea
647 2148 746 2206 decori
763 2145 855 2227 [luit]
873 2149 987 2205 invidie
1001 2151 1084 2206 esse:
1105 2158 1133 2206 at

207 2237 249 2295 illi
264 2236 346 2294 alteri
367 2239 482 2313 generis
502 2238 649 2294 humilitas
670 2238 796 2295 favorem
819 2238 982 2296 addiderat:
1004 2249 1132 2300 ceterum

207 2327 237 2384 in
259 2336 379 2400 utroque
402 2327 494 2404 magia
515 2327 610 2384 studia
630 2329 765 2402 partium,
780 2347 866 2401 quarn
891 2329 976 2399 bena,
997 2339 1045 2386 aut
1059 2329 1133 2386 mala

206 2435 273 2486 sua,
291 2415 447 2473 moderata.
488 2415 641 2488 Praeterea,
664 2418 792 2475 seditiosi
814 2419 996 2495 magistratus
1016 2419 1156 2496 volgum·

205 2508 361 2586 exagitare,
377 2497 528 2566 Metellum
549 2509 686 2565 omnibus
703 2509 895 2566 concionibus
914 2508 1017 2584 capitis
1040 2527 1133 2567 arces

205 2619 278 2672 sere,
294 2599 380 2658 Marii
395 2599 528 2658 virtutem
544 2599 572 2656 in
583 2600 675 2675 majus
689 2600 844 2657 celebrare.
886 2599 1021 2674 Denique
1034 2599 1133 2675 plebes

205 2691 248 2748 sic
264 2709 398 2762 accensa,
413 2691 457 2748 uti
478 2691 597 2767 opifices
619 2700 803 2766 agrestesque
824 2707 934 2760 omnes,
949 2707 1072 2765 quorum
1086 2707 1132 2749 res

205 2781 334 2855 fidesque
352 2782 381 2838 in
396 2781 529 2838 manibus
543 2781 604 2838 site
619 2790 710 2853 erant,
725 2781 835 2838 relictis
842 2781 985 2857 operibus,
1001 2781 1133 2856 frequen·
1176 2833 1196 2850 ,

204 2879 299 2926 tarent
320 2869 455 2940 Marium,
477 2879 506 2926 et
537 2887 589 2926 sua
617 2871 780 2928 necessaria
803 2881 868 2946 post
894 2871 971 2928 illius
990 2870 1131 2930 honorem

204 2957 352 3015 ducerent.
405 2955 462 3028 Ita,
484 2958 619 3032 perculsa
645 2960 806 3032 nobilitate,
833 2970 898 3037 poet
930 2961 1035 3020 multas
1061 2971 1132 3020 tem·
1205 3031 1212 3042 Ι

202 3057 327 3125 pestatea
350 3063 427 3104 novo
450 3047 560 3105 homini
582 3050 749 3106 consulatus
776 3051 947 3108 mandatur:
976 3060 1005 3108 et
1030 3061 1132 3126 postea

202 3139 335 3215 populus,
369 3156 386 3196 a
411 3137 528 3196 tribuno
553 3139 656 3215 plebis,
684 3138 796 3198 Manlio
823 3140 975 3212 Manciae,
1002 3151 1130 3218 rogatus,

203 3248 289 3305 quem
303 3229 388 3287 vellet
402 3247 470 3287 cum
483 3229 501 3286 J
504 3230 629 3307 ugurtha
647 3229 754 3287 bellum
768 3233 890 3308 gereret
912 3231 1047 3306 frequens
1069 3230 1132 3290 Ma-

202 3319 276 3378 rium
288 3321 381 3396 jussit.
423 3320 482 3378 Sed
493 3331 609 3380 senatus
622 3321 719 3398 paullo
733 3331 800 3380 ante
813 3320 934 3379 Metello
944 3323 1130 3380 decreverat:

202 3426 238 3466 ea
251 3429 297 3468 res
310 3411 416 3468 frustra
430 3410 492 3470 luit.

241 3497 381 3558 LXXIV.
411 3501 523 3560 Eodem
543 3513 672 3580 tempore
693 3500 847 3577 iugurtha,
870 3501 983 3560 amissis
1009 3501 1130 3577 amicis3

202 3603 324 3663 quorum
336 3589 488 3665 plerosque
509 3593 570 3669 ipse
591 3601 754 3664 necaverat,
768 3591 859 3650 ceteri
883 3591 1048 3667 formidine,
1062 3609 1132 3670 pars
