2682 4268
492 340 657 386 suessan
678 339 855 384 mousom.
1081 315 1141 382 11³

211 497 272 555 que
286 497 370 554 quam
391 481 595 544 relocismmos
613 481 732 558 delegit,
747 492 856 540 etcum
872 479 928 552 bis,
942 479 1078 555 presidio
1091 479 1141 555 qui

213 570 318 643 forent,
332 581 454 646 quatuor
469 575 671 632 centuriones:
692 573 843 647 omubqne
863 572 965 649 Liguri
984 588 1086 649 parere
1096 570 1141 648 ju·

213 661 273 733 bet,
287 672 317 720 et
330 663 358 720 ei
371 663 490 740 negotio
503 683 676 739 proxumum
688 664 767 722 diem
781 664 940 722 constitnit.

252 753 364 812 XCIV.
395 755 465 826 Sed,
484 755 534 817 ubi
554 774 592 813 ex
611 765 755 830 precepto
775 765 889 831 tempus
909 755 1012 826 risum,
1033 751 1142 830 parutis

213 844 438 920 compositisque
450 846 598 918 omnibus,
613 846 651 904 ad
674 846 771 904 locum
792 845 895 922 pergit
937 845 1076 903 Ceterum
1100 843 1142 903 illi

213 933 264 1008 qui
298 937 436 994 centuriis
467 946 620 1012 preerant,
647 936 787 1012 predooti
812 937 850 994 sb
881 935 967 1007 duee,
992 953 1072 993 arma
1098 951 1144 994 or·

213 1035 369 1100 natumque
396 1037 585 1099 mutaverant,
605 1027 700 1103 cupita
721 1037 806 1102 atque
834 1026 957 1103 pedibus
976 1027 1073 1098 nudis,
1101 1025 1144 1084 uti

211 1121 382 1192 prospectus
395 1117 533 1194 nisusque
552 1137 604 1194 per
623 1137 693 1176 saxa
713 1119 827 1177 facilium
847 1120 940 1176 foret:
961 1135 1047 1194 super
1061 1126 1145 1194 terge

212 1207 303 1286 glndii
326 1218 356 1266 et
379 1219 478 1268 senta:
499 1227 599 1268 rorum
617 1227 653 1268 ea
669 1209 830 1268 Numidica
842 1227 878 1267 ex
891 1209 990 1280 coriis,
1004 1207 1143 1285 ponderis

210 1298 306 1374 gratie
325 1298 422 1368 simul,
446 1309 476 1356 et
496 1301 607 1357 offensa
633 1318 691 1373 quo
714 1300 807 1357 leuius
832 1310 1001 1374 streperent.
1049 1297 1143 1376 igitur

210 1388 410 1466 praegredieut
431 1387 523 1463 Ligus
536 1405 614 1456 saxu,
628 1397 658 1444 et
676 1387 703 1443 si
716 1407 779 1461 qum
792 1398 934 1446 setunote
948 1389 1062 1446 radices
1075 1387 1145 1444 emi·
1209 1392 1221 1409 “

210 1479 334 1547 nebant,
347 1477 460 1550 laqueis
473 1476 629 1548 rinciebnt,
643 1476 749 1550 quibus
768 1477 892 1534 ndievrti
913 1477 1020 1534 milites
1030 1477 1146 1536 taedius

212 1567 443 1628 sdsomderent:
464 1566 610 1626 interdum
623 1566 740 1624 timidos
758 1566 913 1625 insolentie
925 1565 1038 1624 itineris
1050 1567 1146 1626 levare

211 1675 321 1722 manu:
346 1657 397 1720 ubi
417 1657 515 1734 paullo
538 1657 664 1732 asperior
682 1657 840 1714 adscensus
854 1667 924 1730 erat,
939 1657 1068 1734 singulos
1087 1675 1146 1734 pre

213 1767 248 1812 se
280 1749 407 1812 inermos
431 1749 563 1818 mittere;
594 1747 700 1806 deindo
731 1748 793 1824 ipse
818 1765 887 1806 cum
917 1748 1032 1806 illorum
1060 1748 1146 1808 nmis

212 1841 314 1918 sequi3
334 1858 399 1914 quie
411 1838 503 1900 dubie
522 1839 588 1898 nisu
609 1838 791 1910 ridebuntur,
805 1837 982 1914 potissumus
995 1848 1145 1914 temptare,

214 1949 252 1992 ne
265 1931 483 2006 aspicientem
505 1929 684 1990 normalem
703 1929 953 2005 descendensque,
967 1930 1036 1988 dein
1050 1931 1146 1990 statim

213 2021 394 2098 digrediens,
414 2021 522 2081 ceteris
541 2021 692 2078 ammian
715 2021 830 2080 adden.
872 2021 977 2098 Igitur,
1000 2022 1051 2080 diu
1073 2022 1146 2080 mul·

213 2121 337 2185 tumque
347 2108 467 2186 fatigati,
479 2110 595 2168 taudem
606 2110 637 2170 in
648 2110 797 2169 anellum
807 2113 989 2188 percolunt,
1000 2113 1148 2172 desertum

215 2201 254 2260 ab
267 2217 304 2262 ee
316 2209 413 2276 parm
434 2200 512 2275 quod
535 2219 646 2274 omnes,
670 2201 758 2260 sicuti
782 2203 846 2261 aliis
868 2203 980 2276 diebus,
994 2204 1145 2264 advorsum

214 2289 306 2352 bostis
332 2290 459 2351 aderint.
512 2290 634 2364 Marius,
656 2292 707 2352 ubi
737 2312 774 2352 er
806 2295 934 2370 nunciis,
962 2313 1026 2370 que
1053 2295 1146 2371 Ligus

215 2391 319 2458 egeret
348 2381 493 2458 cognorit,
525 2400 698 2457 quamquam
731 2393 794 2445 toto
817 2384 866 2441 die
893 2386 1019 2442 intentos
1045 2384 1147 2461 praelio

216 2471 361 2535 Numidas
381 2473 530 2543 babuerat,
545 2482 607 2530 tum
627 2489 695 2530 roro
716 2473 887 2530 cohortatus
904 2473 1019 2544 milites,
1034 2483 1064 2530 et
1084 2473 1146 2548 ipse

215 2571 296 2622 extra
309 2563 407 2623 vinens
422 2579 564 2638 egressus,
578 2561 724 2618 marlino
744 2571 810 2618 acta
828 2561 999 2632 succedere,
1012 2571 1042 2618 et
1059 2561 1144 2618 simul

216 2650 327 2716 honen
354 2649 507 2712 momentis
534 2649 748 2726 sagittariisque
767 2659 797 2706 et
818 2648 1011 2708 traditoribus
1032 2651 1147 2711 eminus

215 2754 331 2802 terrere.
382 2739 697 2815 cartusiensem
723 2751 807 2798 anteo
826 2739 917 2801 uineis
942 2740 1146 2802 Romnum

215 2833 370 2904 subversis,
385 2833 454 2892 item
475 2831 612 2902 incensis,
623 2849 683 2893 non
705 2831 818 2898 custodi
838 2833 982 2892 moenibus
996 2853 1060 2894 sese
1073 2845 1147 2895 tuta·

216 2925 330 2994 bantur,
345 2923 395 2982 sed
409 2941 462 2998 pro
475 2941 558 2986 muro
571 2924 634 2982 dies
647 2933 806 2998 noctesque
821 2925 949 3002 agium
971 2928 1147 2986 maledicere

215 3013 371 3086 Romanis,
386 3031 421 3071 ao
442 3012 537 3072 Mario
550 3014 716 3074 vecordiam
738 3015 901 3091 objectare;
923 3018 1064 3076 militibus
1083 3033 1146 3075 nos

214 3107 266 3165 tris
287 3103 437 3180 Jugunho
458 3105 606 3163 servitium
630 3104 752 3174 minuri3
774 3106 911 3164 secundis
929 3107 1016 3164 rebus
1034 3105 1147 3163 sercou

214 3213 286 3254 esse.
328 3194 448 3254 Interim
462 3195 598 3256 omuibus
611 3193 755 3251 Romanis
775 3195 965 3267 hostibusque
988 3193 1089 3268 prelio
1102 3193 1146 3252 in·

213 3285 312 3356 tentis,
327 3302 433 3360 magno
453 3284 597 3357 utrimque
620 3282 658 3352 ri,
672 3301 725 3357 pro
742 3283 835 3358 glorie
856 3292 941 3356 etque
955 3283 1076 3358 imperio
1090 3284 1145 3358 his,

213 3375 272 3436 illis
281 3394 335 3451 pro
344 3375 435 3434 salute
447 3373 633 3444 cenantibus,
642 3373 1095 3449 repenteatsrgosignseanere:
1111 3393 1146 3436 ac

211 3468 307 3543 primo
323 3465 458 3524 mulieres
470 3475 500 3522 et
519 3463 612 3539 pueri,
626 3462 675 3537 qui
690 3460 782 3518 risum
802 3475 1012 3537 processerant,
1027 3465 1145 3544 fugem

212 3557 332 3628 deiude,
357 3554 401 3616 uti
435 3555 557 3702 qurgque
592 3571 677 3614 muro
703 3569 860 3630 proxumus
885 3564 967 3629 erat;
1001 3567 1147 3634 postremo
