2656 4276
488 826 536 901 C.
572 826 777 902 CRISPI

319 1053 1010 1172 sanausrrr'

412 1359 561 1413 numum
582 1360 856 1417 JUGURTHINUM.

212 1776 238 1838 1.
266 1775 369 1836 anso
396 1775 525 1850 queritur
546 1775 583 1836 da
606 1785 711 1836 natura
734 1795 787 1836 sua
812 1795 905 1854 genus
931 1777 1098 1850 humanum,

173 1869 262 1944 quod,
286 1866 433 1924 imbecilla
457 1876 541 1940 atqua
568 1866 620 1924 avi
648 1867 752 1938 brevis,
781 1867 853 1935 forte
880 1868 986 1942 potius,
1014 1887 1100 1943 quum

174 1957 279 2016 virtuts
298 1967 422 2034 rugatur.
464 1956 542 2014 Nam
565 1967 676 2028 eontra,
701 1958 871 2032 reputando,
895 1976 989 2033 nsque
1009 1959 1101 2034 majus

175 2047 266 2118 alind,
292 2065 387 2120 nsque
412 2047 603 2122 praestabilius
629 2047 780 2118 invenias;
815 2049 968 2126 magisque
990 2060 1100 2112 natum

175 2136 349 2196 industriam
363 2137 523 2208 hominum,
536 2156 622 2210 quam
635 2139 693 2196 rim
708 2149 757 2198 aut
770 2150 884 2216 tempus
897 2139 1005 2199 deesse.
1040 2139 1100 2199 Sed

175 2227 234 2286 dux
248 2237 333 2302 atque
347 2227 501 2302 imperator
514 2227 578 2286 ritae
592 2229 755 2286 mortalium
770 2231 883 2288 animus
896 2241 958 2290 est:
980 2231 1040 2306 qui,
1049 2230 1099 2290 uhi

176 2318 212 2376 ad
225 2318 346 2395 gloriam
360 2317 472 2376 virtutis
486 2318 532 2375 ria
545 2329 699 2396 grassatur,
722 2321 836 2379 abunde
855 2321 967 2396 pollens
985 2331 1101 2397 potens·

175 2423 233 2482 qua
246 2417 275 2465 at
288 2407 383 2464 clarus
396 2417 449 2479 est,
464 2425 558 2482 nequa
570 2409 684 2466 fortuna
695 2419 780 2486 sgst;
801 2411 907 2486 quippe
916 2411 1100 2485 probitatem,

177 2497 356 2569 industriam,
372 2498 499 2572 aliasque
514 2498 582 2554 artis
602 2501 694 2556 bonas
718 2517 813 2573 neque
834 2501 913 2569 dure,
933 2517 1028 2572 neque
1048 2499 1102 2556 ari-

175 2606 244 2664 psre
257 2589 395 2663 cuiquam
405 2599 508 2664 potest.
549 2589 614 2659 Sin,
628 2599 730 2662 captus
742 2585 838 2662 pr'avis
856 2588 1053 2661 oupidinibus,
1066 2587 1102 2646 ad

178 2677 310 2751 inertiam
323 2689 352 2738 et
365 2679 520 2754 voluptatis
540 2678 670 2760 ourporis
688 2674 804 2752 pessum
824 2677 908 2734 datus
928 2686 989 2746 est3
1009 2675 1104 2752 parni-

178 2768 258 2826 aiosa
270 2769 399 2826 lubidine
418 2768 574 2844 paullisper
594 2785 673 2839 usus,
694 2767 745 2828 ubi
764 2785 815 2842 per
835 2767 997 2826 sonurdiam
1018 2767 1103 2841 vires,

177 2866 300 2933 tempus,
314 2859 463 2936 ingenium
477 2857 634 2929 defluxere,
645 2866 756 2920 natura
771 2857 921 2922 infirmitas
933 2869 1102 2924 assuantur:

177 2949 402 3024 suamquisqus
425 2949 541 3025 culpam
561 2959 694 3008 auotorss
716 2950 753 3007 ud
778 2950 897 3028 negotia
919 2952 1102 3012 transferunt

177 3039 268 3103 Quod
291 3040 316 3098 si
337 3039 504 3102 hominibus
529 3041 670 3110 bonarum
696 3059 794 3100 rarum
820 3051 902 3105 tanta
924 3060 995 3102 aura
1018 3051 1103 3112 asset,
1222 3037 1226 3048 ’

166 3139 286 3205 quanto
299 3131 395 3192 studio
406 3130 501 3188 aliena
514 3149 549 3190 au
561 3131 633 3194 nihil
647 3131 807 3207 profutura,
821 3130 1001 3202 multumque
1015 3128 1103 3188 stiam

178 3220 350 3294 perioulosa,
363 3231 482 3295 petunt3
503 3239 597 3294 nsque
611 3230 780 3296 regerentur
793 3218 896 3293 magis,
917 3234 1003 3290 quam
1023 3232 1104 3291 rsgs-

179 3319 244 3366 rent
258 3327 350 3382 nasus,
364 3319 395 3376 at
407 3328 444 3368 ao
457 3309 666 3386 magnitudinis
680 3308 881 3387 procederent,
896 3305 949 3375 uti,
962 3321 1015 3377 pro
1029 3321 1104 3372 mor·
1212 3349 1217 3359 .

178 3398 294 3472 talibus,
308 3401 403 3478 gloria
415 3401 515 3462 aetsrni
529 3400 642 3460 fiarent

216 3488 255 3549 [L
284 3489 315 3550 N
318 3509 374 3563 am,
388 3491 431 3548 uti
450 3508 543 3566 genus
557 3488 708 3546 hominum
721 3482 914 3560 compositum
934 3503 970 3544 ax
983 3503 1105 3562 uorpora

179 3581 319 3646 stanima
341 3591 396 3653 ast,
421 3581 464 3644 ita
485 3599 532 3640 res
555 3589 680 3652 cunata,
704 3575 857 3652 studiaque
879 3577 977 3638 omnia
995 3581 1103 3651 nostri.
