2656 4276
491 316 655 362 ennoean
676 315 838 362 carnari.
1086 299 1126 362 al

199 455 298 535 impiis
310 458 429 516 sceleris
443 477 542 518 eorum
556 459 639 518 obliti
648 460 777 536 depoena
787 458 942 531 disserunt,
953 457 978 516 si
986 475 1021 516 ea
1031 459 1129 535 paullo

201 549 326 608 severior
340 550 402 607 suit.
444 550 481 608 D.
497 551 631 610 Silanum
645 551 737 608 virum
751 551 854 608 sortem
869 563 954 624 atquc
967 560 1127 622 strenuum,

201 650 280 708 certe
293 641 365 714 scio,
380 660 444 716 quae
458 642 572 713 dixerit,
593 641 690 699 studio
710 641 876 717 reipublice
896 641 1013 713 dixisse,
1034 659 1129 716 neque

200 728 282 788 illum
296 730 326 788 iu
340 742 421 789 tanta
433 750 465 789 re
485 732 617 808 gratiam,
642 742 690 789 aut
714 731 881 790 inimicitias
902 750 1056 801 exercere3
1077 749 1129 790 eos

200 838 306 891 mores,
321 840 442 896 eamque
455 823 623 880 modestiam
634 823 688 880 riri
701 823 832 899 cognovi.
860 822 971 880 Verum
985 822 1129 880 sententia

203 909 266 986 ejus
277 910 349 968 mihi
362 929 421 970 non
436 913 570 986 crudelis,
579 913 648 988 quid
659 913 739 970 enim
750 914 780 970 in
790 913 857 970 talis
867 911 1000 970 homines
1011 911 1129 972 crudele

202 999 264 1057 fieri
277 1003 394 1075 potestl
415 1002 465 1060 sed
480 1004 574 1062 aliena
588 1023 604 1061 a
617 1004 769 1079 republica
780 1014 880 1062 nostra
892 1003 1015 1060 videtur.
1050 1001 1129 1060 Nam

201 1091 331 1167 prolecto
345 1103 394 1150 aut
407 1104 511 1166 metus,
527 1105 576 1152 aut
590 1093 696 1172 injurie
709 1104 739 1152 te
752 1093 877 1170 subegit,
899 1093 1009 1164 Silene,
1025 1111 1129 1150 consu·

202 1179 259 1238 lem
282 1182 475 1260 designatum,
500 1203 593 1261 genus
613 1204 706 1259 poenm
729 1203 836 1242 novum
863 1184 1029 1242 decernere.
1081 1183 1129 1242 De

201 1270 305 1332 timore
319 1293 566 1349 supervacaneum
581 1285 624 1334 est
638 1274 789 1346 disserere,
800 1293 901 1348 quum,
913 1272 1050 1349 praesenti
1063 1273 1128 1332 dili·

200 1364 300 1439 gentis
324 1365 488 1422 clarissumi
511 1364 576 1434 viri,
601 1365 740 1434 consulis,
763 1375 844 1421 tanta
864 1365 1001 1438 praesidia
1020 1366 1078 1422 sint
1098 1364 1129 1422 iu

202 1452 299 1510 armis.
339 1454 386 1511 De
399 1471 486 1526 paena
497 1471 649 1526 possumus
662 1452 795 1526 equidem
814 1453 912 1508 dicere
929 1453 969 1522 id,
988 1453 1065 1525 quod
1084 1471 1131 1510 res

203 1539 311 1611 habet;
333 1541 363 1598 in
384 1541 466 1600 luctu
487 1551 573 1616 atque
593 1540 716 1598 miseriis
735 1551 857 1598 mortem
877 1559 1069 1598 erumnarum
1088 1560 1132 1600 re·

202 1631 311 1706 quiem,
326 1649 386 1688 non
401 1631 563 1688 cruciatum
577 1649 656 1701 esse3
677 1650 741 1690 earu
754 1642 860 1689 cuncta
874 1633 1037 1690 mortalium
1056 1633 1133 1695 mala

203 1721 376 1792 dissolvere3
398 1722 474 1780 ultra
487 1711 582 1796 neque
603 1740 680 1780 curae
700 1740 794 1798 neque
813 1723 921 1799 gaudio
940 1722 1038 1782 locum
1057 1742 1130 1784 esse.

203 1812 274 1883 Sed,
288 1831 338 1888 per
347 1813 417 1870 deos
432 1813 601 1870 immortalis
613 1813 620 1870 l
642 1813 827 1887 quamobrem
841 1814 872 1870 iu
886 1813 1059 1870 sententiam
1072 1833 1132 1874 uon

204 1903 349 1974 addidisti,
365 1903 407 1960 uti
427 1902 507 1978 prius
528 1903 695 1961 verberibus
715 1903 746 1962 in
766 1922 817 1962 eos
837 1903 1131 1963 animadverteretur?

204 2011 251 2066 aa,
265 1994 335 2070 quia
347 1995 394 2051 lex
414 1993 520 2052 Porcia
532 1995 629 2054 vetati
651 2005 680 2052 at
694 1995 757 2052 aliae
777 1994 858 2072 leges
872 1994 942 2052 item
956 1996 1131 2056 condemna-

202 2084 242 2144 tis
256 2084 369 2141 civibus
384 2083 508 2144 animam
521 2101 581 2140 non
594 2084 678 2160 eripi,
687 2085 737 2142 sed
748 2085 866 2144 erilium
875 2085 1005 2162 permitti
1016 2087 1128 2162 jubent.

203 2173 263 2246 Au,
279 2174 347 2249 quia
360 2174 476 2252 gratim
490 2185 533 2232 est
547 2175 701 2248 verberari,
713 2194 799 2251 quam
808 2177 930 2236 necaril
950 2177 1019 2252 quid
1034 2189 1130 2238 eutem

205 2266 352 2337 acerbum,
381 2275 430 2323 aut
450 2264 537 2322 nimis
562 2284 650 2342 grave
676 2265 707 2325 iu
734 2265 867 2328 homiues
894 2267 968 2326 tanti
992 2267 1130 2328 facinoris

204 2356 373 2418 convictosl
407 2356 464 2427 sin,
491 2355 559 2430 quia
578 2355 688 2427 levius;
720 2357 770 2433 qui
797 2359 934 2418 convenit
960 2357 991 2415 in
1018 2358 1133 2418 minore

204 2446 321 2524 negotio
335 2447 430 2522 legem
450 2446 561 2518 timere,
583 2465 650 2504 cum
674 2465 738 2504 eam
762 2447 792 2504 in
815 2449 924 2524 majore
946 2447 1130 2522 neglexerisl

205 2537 246 2596 At
259 2537 336 2595 euim
350 2536 414 2612 quis
427 2536 627 2610 reprehendet,
640 2537 720 2612 quod
734 2537 764 2593 in
783 2537 943 2611 parricidas
963 2537 1131 2610 reipublice

204 2627 353 2686 decretum
379 2627 455 2687 eritl
505 2623 647 2702 Tempus,
674 2624 747 2695 dies,
772 2625 896 2695 lortuna,
920 2623 1005 2698 cujus
1030 2623 1132 2682 lubido

154 2737 157 2742 ·
207 2716 340 2794 gentibus
353 2717 525 2778 moderatur.
566 2715 629 2772 illis
642 2714 746 2772 merito
761 2713 878 2786 accidit,
904 2712 1044 2788 quicquid
1067 2732 1131 2774 eve·

206 2805 303 2868 uerit:
337 2817 466 2864 ceterum
492 2825 554 2878 vos,
580 2804 681 2864 Patres
709 2804 876 2882 conscripti,
905 2804 974 2880 quid
1000 2805 1031 2864 iu
1060 2805 1132 2866 alios

206 2897 345 2970 statuatis,
369 2897 560 2955 considerate.
611 2895 721 2954 Omnia
743 2895 970 2973 malaenempla
990 2897 1131 2956 sirbonis
1207 2925 1210 2930 ·

206 2999 268 3048 orta
289 2998 374 3058 sunt3
404 2987 465 3060 sed,
487 2987 538 3045 ubi
561 2986 714 3063 imperium
741 2987 777 3046 ad
804 2987 930 3064 ignaros,
960 2999 1009 3045 aut
1035 2988 1132 3044 minus

205 3078 297 3137 bonos
319 3078 459 3154 pervenit,
484 3095 590 3135 novum
613 3077 685 3135 illud
711 3075 900 3156 [exemplum]
929 3078 964 3134 ab
985 3075 1082 3150 dignis
1102 3085 1133 3132 et

204 3167 318 3232 idoneis
332 3169 368 3232 ad
383 3169 518 3246 indignos
531 3178 561 3226 et
574 3185 633 3225 uon
647 3167 768 3224 idoneos
781 3167 959 3224 transfertur.
995 3162 1134 3220 Laceda-

206 3255 308 3329 mouii,
322 3258 443 3322 devictis
462 3257 701 3326 Atheniensibus,
722 3256 841 3332 triginta
860 3255 937 3310 viros
957 3252 1131 3326 imposuere,

206 3347 255 3424 qui
278 3349 486 3425 rempublicam
509 3363 611 3403 eorum
634 3353 799 3401 tractarent
842 3343 883 3399 Hi
904 3341 997 3417 primo
1018 3360 1132 3419 crepere

203 3456 370 3516 pessumum
394 3454 539 3515 quemque
565 3444 594 3493 et
620 3432 756 3490 omnibus
782 3431 907 3490 invisum
933 3431 1132 3496 indemnatum

203 3547 327 3594 necare:
347 3548 384 3588 ea
396 3528 520 3608 populus
539 3524 631 3588 laetari
644 3534 674 3584 et
693 3521 797 3584 merito
818 3521 916 3582 dicere
939 3523 1010 3586 fieri.
1051 3522 1133 3592 Post,
