<?xml version="1.0" encoding="UTF-8"?>
<!DOCTYPE html PUBLIC "-//W3C//DTD XHTML 1.0 Transitional//EN"
    "http://www.w3.org/TR/xhtml1/DTD/xhtml1-transitional.dtd">
<html xmlns="http://www.w3.org/1999/xhtml" xml:lang="en" lang="en">
 <head>
  <title>
</title>
<meta http-equiv="Content-Type" content="text/html;charset=utf-8" />
  <meta name='ocr-system' content='tesseract 3.04.00' />
  <meta name='ocr-capabilities' content='ocr_page ocr_carea ocr_par ocr_line ocrx_word'/>
</head>
<body>
  <div class='ocr_page' id='page_1' title='image "./caiicrispisallu01sallgoog_0073.png"; bbox 0 0 2656 4276; ppageno 0'>
   <div class='ocr_carea' id='block_1_1' title="bbox 493 311 1140 375">
    <p class='ocr_par' dir='ltr' id='par_1_1' title="bbox 493 311 1140 375">
     <span class='ocr_line' id='line_1_1' title="bbox 493 311 1140 375; baseline -0.008 -1"><span class='ocrx_word' id='word_1_1' title='bbox 493 329 657 374; x_wconf 75' lang='lat' dir='ltr'>smnus-ru</span> <span class='ocrx_word' id='word_1_2' title='bbox 677 327 860 372; x_wconf 74' lang='lat' dir='ltr'>mannam.</span> <span class='ocrx_word' id='word_1_3' title='bbox 1097 311 1140 375; x_wconf 76' lang='lat'>55</span> 
     </span>
    </p>
   </div>
   <div class='ocr_carea' id='block_1_2' title="bbox 206 468 1145 1625">
    <p class='ocr_par' dir='ltr' id='par_1_2' title="bbox 206 468 1145 1625">
     <span class='ocr_line' id='line_1_2' title="bbox 207 468 1138 550; baseline -0.004 -16"><span class='ocrx_word' id='word_1_4' title='bbox 207 471 327 550; x_wconf 85' lang='lat' dir='ltr'>inopem</span> <span class='ocrx_word' id='word_1_5' title='bbox 344 483 373 532; x_wconf 89' lang='lat' dir='ltr'>et</span> <span class='ocrx_word' id='word_1_6' title='bbox 394 482 565 548; x_wconf 88' lang='lat' dir='ltr'>coopertum</span> <span class='ocrx_word' id='word_1_7' title='bbox 588 471 712 529; x_wconf 89' lang='lat' dir='ltr'>miseriis</span> <span class='ocrx_word' id='word_1_8' title='bbox 727 469 838 542; x_wconf 80' lang='lat' dir='ltr'>effecit,</span> <span class='ocrx_word' id='word_1_9' title='bbox 855 478 888 527; x_wconf 92' lang='lat' dir='ltr'>nt</span> <span class='ocrx_word' id='word_1_10' title='bbox 915 468 1011 527; x_wconf 83' lang='lat' dir='ltr'>ubivis</span> <span class='ocrx_word' id='word_1_11' title='bbox 1036 471 1138 545; x_wconf 90' lang='lat' dir='ltr'>tutius,</span> 
     </span>
     <span class='ocr_line' id='line_1_3' title="bbox 209 561 1139 642; baseline -0.002 -18"><span class='ocrx_word' id='word_1_12' title='bbox 209 585 295 642; x_wconf 85' lang='lat' dir='ltr'>quam</span> <span class='ocrx_word' id='word_1_13' title='bbox 309 566 339 624; x_wconf 93' lang='lat' dir='ltr'>in</span> <span class='ocrx_word' id='word_1_14' title='bbox 353 583 418 622; x_wconf 87' lang='lat' dir='ltr'>meo</span> <span class='ocrx_word' id='word_1_15' title='bbox 432 582 523 640; x_wconf 84' lang='lat' dir='ltr'>regno</span> <span class='ocrx_word' id='word_1_16' title='bbox 534 581 636 620; x_wconf 88' lang='lat' dir='ltr'>essem.</span> <span class='ocrx_word' id='word_1_17' title='bbox 678 561 744 638; x_wconf 83' lang='lat' dir='ltr'>Ego</span> <span class='ocrx_word' id='word_1_18' title='bbox 755 561 797 618; x_wconf 88' lang='lat' dir='ltr'>sic</span> <span class='ocrx_word' id='word_1_19' title='bbox 808 561 1026 632; x_wconf 84' lang='lat' dir='ltr'>existumabam,</span> <span class='ocrx_word' id='word_1_20' title='bbox 1038 561 1139 622; x_wconf 84' lang='lat' dir='ltr'>Patres</span> 
     </span>
     <span class='ocr_line' id='line_1_4' title="bbox 207 652 1136 732; baseline -0.004 -17"><span class='ocrx_word' id='word_1_21' title='bbox 207 657 378 732; x_wconf 76' lang='lat' dir='ltr'>conscripti,</span> <span class='ocrx_word' id='word_1_22' title='bbox 404 664 437 711; x_wconf 92' lang='lat' dir='ltr'>ut</span> <span class='ocrx_word' id='word_1_23' title='bbox 461 654 670 730; x_wconf 67' lang='lat' dir='ltr'><strong>predicantem</strong></span> <span class='ocrx_word' id='word_1_24' title='bbox 698 652 862 709; x_wconf 79' lang='lat' dir='ltr'>audiveram</span> <span class='ocrx_word' id='word_1_25' title='bbox 887 661 999 726; x_wconf 88' lang='lat' dir='ltr'>patrem</span> <span class='ocrx_word' id='word_1_26' title='bbox 1022 670 1136 711; x_wconf 85' lang='lat' dir='ltr'>meum:</span> 
     </span>
     <span class='ocr_line' id='line_1_5' title="bbox 206 741 1137 822; baseline -0.001 -19"><span class='ocrx_word' id='word_1_27' title='bbox 206 747 259 822; x_wconf 92' lang='lat' dir='ltr'>qui</span> <span class='ocrx_word' id='word_1_28' title='bbox 280 757 405 804; x_wconf 87' lang='lat' dir='ltr'>vestram</span> <span class='ocrx_word' id='word_1_29' title='bbox 429 745 586 802; x_wconf 80' lang='lat' dir='ltr'>amicitiam</span> <span class='ocrx_word' id='word_1_30' title='bbox 608 743 761 819; x_wconf 82' lang='lat' dir='ltr'>diligenter</span> <span class='ocrx_word' id='word_1_31' title='bbox 783 741 922 814; x_wconf 87' lang='lat' dir='ltr'>colerent,</span> <span class='ocrx_word' id='word_1_32' title='bbox 943 759 994 800; x_wconf 85' lang='lat' dir='ltr'>eos</span> <span class='ocrx_word' id='word_1_33' title='bbox 1015 743 1137 802; x_wconf 88' lang='lat' dir='ltr'>multum</span> 
     </span>
     <span class='ocr_line' id='line_1_6' title="bbox 208 833 1139 910; baseline -0.003 -16"><span class='ocrx_word' id='word_1_34' title='bbox 208 836 340 894; x_wconf 86' lang='lat' dir='ltr'>laborem</span> <span class='ocrx_word' id='word_1_35' title='bbox 361 835 522 910; x_wconf 81' lang='lat' dir='ltr'>suscipere3</span> <span class='ocrx_word' id='word_1_36' title='bbox 544 844 674 892; x_wconf 87' lang='lat' dir='ltr'>ceterum</span> <span class='ocrx_word' id='word_1_37' title='bbox 695 851 732 890; x_wconf 87' lang='lat' dir='ltr'>ex</span> <span class='ocrx_word' id='word_1_38' title='bbox 752 833 887 890; x_wconf 82' lang='lat' dir='ltr'>omnibus</span> <span class='ocrx_word' id='word_1_39' title='bbox 907 851 1040 890; x_wconf 84' lang='lat' dir='ltr'>maxume</span> <span class='ocrx_word' id='word_1_40' title='bbox 1059 844 1139 892; x_wconf 86' lang='lat' dir='ltr'>tutos</span> 
     </span>
     <span class='ocr_line' id='line_1_7' title="bbox 211 923 1139 998; baseline 0 -15"><span class='ocrx_word' id='word_1_41' title='bbox 211 943 284 984; x_wconf 87' lang='lat' dir='ltr'>esse.</span> <span class='ocrx_word' id='word_1_42' title='bbox 325 925 415 987; x_wconf 80' lang='lat' dir='ltr'>Quod</span> <span class='ocrx_word' id='word_1_43' title='bbox 430 927 460 982; x_wconf 92' lang='lat' dir='ltr'>in</span> <span class='ocrx_word' id='word_1_44' title='bbox 474 926 581 982; x_wconf 83' lang='lat' dir='ltr'>familia</span> <span class='ocrx_word' id='word_1_45' title='bbox 594 935 693 982; x_wconf 83' lang='lat' dir='ltr'>nostra</span> <span class='ocrx_word' id='word_1_46' title='bbox 706 924 770 995; x_wconf 81' lang='lat' dir='ltr'>suit,</span> <span class='ocrx_word' id='word_1_47' title='bbox 783 923 926 998; x_wconf 72' lang='lat' dir='ltr'>praestitit,</span> <span class='ocrx_word' id='word_1_48' title='bbox 938 923 980 979; x_wconf 89' lang='lat' dir='ltr'>uti</span> <span class='ocrx_word' id='word_1_49' title='bbox 999 923 1029 980; x_wconf 90' lang='lat' dir='ltr'>in</span> <span class='ocrx_word' id='word_1_50' title='bbox 1048 925 1139 983; x_wconf 87' lang='lat' dir='ltr'>omni·</span> 
     </span>
     <span class='ocr_line' id='line_1_8' title="bbox 211 1013 1139 1089; baseline 0 -16"><span class='ocrx_word' id='word_1_51' title='bbox 211 1016 265 1073; x_wconf 91' lang='lat' dir='ltr'>bus</span> <span class='ocrx_word' id='word_1_52' title='bbox 279 1016 361 1074; x_wconf 89' lang='lat' dir='ltr'>bellis</span> <span class='ocrx_word' id='word_1_53' title='bbox 374 1017 505 1074; x_wconf 82' lang='lat' dir='ltr'><strong>adessent</strong></span> <span class='ocrx_word' id='word_1_54' title='bbox 523 1017 623 1086; x_wconf 83' lang='lat' dir='ltr'>robis3</span> <span class='ocrx_word' id='word_1_55' title='bbox 653 1033 707 1072; x_wconf 84' lang='lat' dir='ltr'>nos</span> <span class='ocrx_word' id='word_1_56' title='bbox 729 1015 771 1071; x_wconf 92' lang='lat' dir='ltr'>nti</span> <span class='ocrx_word' id='word_1_57' title='bbox 792 1032 843 1089; x_wconf 88' lang='lat' dir='ltr'>per</span> <span class='ocrx_word' id='word_1_58' title='bbox 857 1013 949 1071; x_wconf 89' lang='lat' dir='ltr'>otium</span> <span class='ocrx_word' id='word_1_59' title='bbox 970 1014 1025 1070; x_wconf 93' lang='lat' dir='ltr'>tuti</span> <span class='ocrx_word' id='word_1_60' title='bbox 1049 1013 1139 1074; x_wconf 87' lang='lat' dir='ltr'>simus</span> 
     </span>
     <span class='ocr_line' id='line_1_9' title="bbox 211 1104 1138 1180; baseline 0.001 -18"><span class='ocrx_word' id='word_1_61' title='bbox 211 1105 241 1162; x_wconf 91' lang='lat' dir='ltr'>in</span> <span class='ocrx_word' id='word_1_62' title='bbox 264 1117 358 1164; x_wconf 85' lang='lat' dir='ltr'>vestra</span> <span class='ocrx_word' id='word_1_63' title='bbox 380 1127 467 1164; x_wconf 88' lang='lat' dir='ltr'>manu</span> <span class='ocrx_word' id='word_1_64' title='bbox 489 1117 542 1178; x_wconf 92' lang='lat' dir='ltr'>est,</span> <span class='ocrx_word' id='word_1_65' title='bbox 557 1107 657 1164; x_wconf 87' lang='lat' dir='ltr'>Patres</span> <span class='ocrx_word' id='word_1_66' title='bbox 678 1104 845 1180; x_wconf 73' lang='lat' dir='ltr'>conscripti.</span> <span class='ocrx_word' id='word_1_67' title='bbox 887 1104 972 1162; x_wconf 90' lang='lat' dir='ltr'>Pater</span> <span class='ocrx_word' id='word_1_68' title='bbox 991 1123 1045 1162; x_wconf 91' lang='lat' dir='ltr'>nos</span> <span class='ocrx_word' id='word_1_69' title='bbox 1065 1106 1138 1164; x_wconf 88' lang='lat' dir='ltr'>duos</span> 
     </span>
     <span class='ocr_line' id='line_1_10' title="bbox 211 1195 1138 1272; baseline 0 -18"><span class='ocrx_word' id='word_1_70' title='bbox 211 1195 310 1254; x_wconf 87' lang='lat' dir='ltr'>fratres</span> <span class='ocrx_word' id='word_1_71' title='bbox 324 1198 456 1272; x_wconf 88' lang='lat' dir='ltr'>reliquit;</span> <span class='ocrx_word' id='word_1_72' title='bbox 478 1197 605 1267; x_wconf 87' lang='lat' dir='ltr'>tertium,</span> <span class='ocrx_word' id='word_1_73' title='bbox 625 1196 808 1272; x_wconf 76' lang='lat' dir='ltr'>Iugurtham,</span> <span class='ocrx_word' id='word_1_74' title='bbox 823 1195 971 1252; x_wconf 84' lang='lat' dir='ltr'>beneficiis</span> <span class='ocrx_word' id='word_1_75' title='bbox 985 1197 1045 1253; x_wconf 89' lang='lat' dir='ltr'>suis</span> <span class='ocrx_word' id='word_1_76' title='bbox 1059 1207 1138 1254; x_wconf 82' lang='lat' dir='ltr'>ratus</span> 
     </span>
     <span class='ocr_line' id='line_1_11' title="bbox 210 1286 1138 1362; baseline 0.001 -19"><span class='ocrx_word' id='word_1_77' title='bbox 210 1287 399 1362; x_wconf 85' lang='lat' dir='ltr'>conjunctum</span> <span class='ocrx_word' id='word_1_78' title='bbox 413 1287 498 1343; x_wconf 88' lang='lat' dir='ltr'>nobis</span> <span class='ocrx_word' id='word_1_79' title='bbox 516 1287 595 1342; x_wconf 80' lang='lat' dir='ltr'>fore:</span> <span class='ocrx_word' id='word_1_80' title='bbox 617 1286 686 1341; x_wconf 87' lang='lat' dir='ltr'>alter</span> <span class='ocrx_word' id='word_1_81' title='bbox 700 1303 801 1341; x_wconf 89' lang='lat' dir='ltr'>eorum</span> <span class='ocrx_word' id='word_1_82' title='bbox 819 1296 939 1341; x_wconf 82' lang='lat' dir='ltr'>necatus</span> <span class='ocrx_word' id='word_1_83' title='bbox 952 1297 1005 1356; x_wconf 84' lang='lat' dir='ltr'>est,</span> <span class='ocrx_word' id='word_1_84' title='bbox 1021 1287 1138 1345; x_wconf 85' lang='lat' dir='ltr'>alterius</span> 
     </span>
     <span class='ocr_line' id='line_1_12' title="bbox 210 1373 1139 1450; baseline 0 -17"><span class='ocrx_word' id='word_1_85' title='bbox 210 1375 273 1450; x_wconf 89' lang='lat' dir='ltr'>ipse</span> <span class='ocrx_word' id='word_1_86' title='bbox 300 1394 355 1450; x_wconf 83' lang='lat' dir='ltr'>ego</span> <span class='ocrx_word' id='word_1_87' title='bbox 376 1393 480 1430; x_wconf 90' lang='lat' dir='ltr'>manus</span> <span class='ocrx_word' id='word_1_88' title='bbox 503 1374 606 1446; x_wconf 84' lang='lat' dir='ltr'>impias</span> <span class='ocrx_word' id='word_1_89' title='bbox 626 1373 675 1450; x_wconf 75' lang='lat' dir='ltr'>yix</span> <span class='ocrx_word' id='word_1_90' title='bbox 696 1373 793 1446; x_wconf 84' lang='lat' dir='ltr'>effugi.</span> <span class='ocrx_word' id='word_1_91' title='bbox 841 1373 924 1432; x_wconf 79' lang='lat' dir='ltr'>Quid</span> <span class='ocrx_word' id='word_1_92' title='bbox 949 1379 1050 1448; x_wconf 83' lang='lat' dir='ltr'>agaml</span> <span class='ocrx_word' id='word_1_93' title='bbox 1082 1395 1139 1448; x_wconf 87' lang='lat' dir='ltr'>quo</span> 
     </span>
     <span class='ocr_line' id='line_1_13' title="bbox 210 1460 1145 1538; baseline 0.002 -18"><span class='ocrx_word' id='word_1_94' title='bbox 210 1465 405 1538; x_wconf 80' lang='lat' dir='ltr'>potissumum</span> <span class='ocrx_word' id='word_1_95' title='bbox 427 1461 529 1518; x_wconf 78' lang='lat' dir='ltr'>infelix</span> <span class='ocrx_word' id='word_1_96' title='bbox 552 1461 709 1517; x_wconf 83' lang='lat' dir='ltr'>accedaml</span> <span class='ocrx_word' id='word_1_97' title='bbox 742 1460 866 1516; x_wconf 87' lang='lat' dir='ltr'>Generis</span> <span class='ocrx_word' id='word_1_98' title='bbox 883 1462 1017 1535; x_wconf 72' lang='lat' dir='ltr'>presidia</span> <span class='ocrx_word' id='word_1_99' title='bbox 1044 1465 1145 1523; x_wconf 83' lang='lat' dir='ltr'>omnia</span> 
     </span>
     <span class='ocr_line' id='line_1_14' title="bbox 213 1550 1140 1625; baseline -0.001 -13"><span class='ocrx_word' id='word_1_100' title='bbox 213 1553 358 1612; x_wconf 80' lang='lat' dir='ltr'>exstincta</span> <span class='ocrx_word' id='word_1_101' title='bbox 371 1561 455 1608; x_wconf 91' lang='lat' dir='ltr'>sunt:</span> <span class='ocrx_word' id='word_1_102' title='bbox 476 1560 567 1625; x_wconf 88' lang='lat' dir='ltr'>pater,</span> <span class='ocrx_word' id='word_1_103' title='bbox 581 1550 624 1607; x_wconf 92' lang='lat' dir='ltr'>uti</span> <span class='ocrx_word' id='word_1_104' title='bbox 635 1567 753 1606; x_wconf 88' lang='lat' dir='ltr'>necesse</span> <span class='ocrx_word' id='word_1_105' title='bbox 775 1559 846 1620; x_wconf 86' lang='lat' dir='ltr'>erat,</span> <span class='ocrx_word' id='word_1_106' title='bbox 857 1559 965 1607; x_wconf 85' lang='lat' dir='ltr'>naturae</span> <span class='ocrx_word' id='word_1_107' title='bbox 980 1553 1140 1612; x_wconf 84' lang='lat' dir='ltr'>concessit:</span> 
     </span>
    </p>
   </div>
   <div class='ocr_carea' id='block_1_3' title="bbox 212 1640 1142 2174">
    <p class='ocr_par' dir='ltr' id='par_1_3' title="bbox 212 1640 1142 2174">
     <span class='ocr_line' id='line_1_15' title="bbox 213 1640 1141 1718; baseline 0.001 -17"><span class='ocrx_word' id='word_1_108' title='bbox 213 1643 304 1714; x_wconf 84' lang='lat' dir='ltr'>fratri,</span> <span class='ocrx_word' id='word_1_109' title='bbox 318 1661 403 1718; x_wconf 89' lang='lat' dir='ltr'>quem</span> <span class='ocrx_word' id='word_1_110' title='bbox 418 1642 547 1698; x_wconf 88' lang='lat' dir='ltr'>minume</span> <span class='ocrx_word' id='word_1_111' title='bbox 558 1641 666 1713; x_wconf 88' lang='lat' dir='ltr'>decuit,</span> <span class='ocrx_word' id='word_1_112' title='bbox 680 1640 867 1716; x_wconf 89' lang='lat' dir='ltr'>propinquus,</span> <span class='ocrx_word' id='word_1_113' title='bbox 881 1659 932 1716; x_wconf 89' lang='lat' dir='ltr'>per</span> <span class='ocrx_word' id='word_1_114' title='bbox 946 1643 1041 1700; x_wconf 87' lang='lat' dir='ltr'>scelus</span> <span class='ocrx_word' id='word_1_115' title='bbox 1054 1644 1141 1702; x_wconf 87' lang='lat' dir='ltr'>vitam</span> 
     </span>
     <span class='ocr_line' id='line_1_16' title="bbox 212 1731 1142 1809; baseline 0.001 -18"><span class='ocrx_word' id='word_1_116' title='bbox 212 1733 334 1809; x_wconf 89' lang='lat' dir='ltr'>eripuit:</span> <span class='ocrx_word' id='word_1_117' title='bbox 357 1732 469 1804; x_wconf 85' lang='lat' dir='ltr'>adfinis,</span> <span class='ocrx_word' id='word_1_118' title='bbox 492 1732 611 1803; x_wconf 87' lang='lat' dir='ltr'>amicos,</span> <span class='ocrx_word' id='word_1_119' title='bbox 628 1731 805 1807; x_wconf 87' lang='lat' dir='ltr'>propinquos</span> <span class='ocrx_word' id='word_1_120' title='bbox 824 1742 935 1788; x_wconf 85' lang='lat' dir='ltr'>ceteros</span> <span class='ocrx_word' id='word_1_121' title='bbox 949 1751 1038 1806; x_wconf 86' lang='lat' dir='ltr'>meos,</span> <span class='ocrx_word' id='word_1_122' title='bbox 1054 1734 1142 1793; x_wconf 89' lang='lat' dir='ltr'>alium</span> 
     </span>
     <span class='ocr_line' id='line_1_17' title="bbox 214 1821 1142 1898; baseline 0 -16"><span class='ocrx_word' id='word_1_123' title='bbox 214 1823 270 1882; x_wconf 82' lang='lat' dir='ltr'>alia</span> <span class='ocrx_word' id='word_1_124' title='bbox 284 1823 382 1881; x_wconf 80' lang='lat' dir='ltr'>clades</span> <span class='ocrx_word' id='word_1_125' title='bbox 395 1823 553 1898; x_wconf 87' lang='lat' dir='ltr'>oppressit:</span> <span class='ocrx_word' id='word_1_126' title='bbox 575 1823 653 1897; x_wconf 86' lang='lat' dir='ltr'>capti</span> <span class='ocrx_word' id='word_1_127' title='bbox 673 1823 708 1879; x_wconf 87' lang='lat' dir='ltr'>ab</span> <span class='ocrx_word' id='word_1_128' title='bbox 722 1821 876 1898; x_wconf 83' lang='lat' dir='ltr'>Jugurtha,</span> <span class='ocrx_word' id='word_1_129' title='bbox 890 1841 957 1896; x_wconf 87' lang='lat' dir='ltr'>pars</span> <span class='ocrx_word' id='word_1_130' title='bbox 975 1824 1006 1880; x_wconf 89' lang='lat' dir='ltr'>in</span> <span class='ocrx_word' id='word_1_131' title='bbox 1025 1842 1142 1882; x_wconf 86' lang='lat' dir='ltr'>crucem</span> 
     </span>
     <span class='ocr_line' id='line_1_18' title="bbox 215 1911 1142 1990; baseline 0.002 -18"><span class='ocrx_word' id='word_1_132' title='bbox 215 1915 282 1986; x_wconf 84' lang='lat' dir='ltr'>acti,</span> <span class='ocrx_word' id='word_1_133' title='bbox 295 1933 361 1990; x_wconf 89' lang='lat' dir='ltr'>pars</span> <span class='ocrx_word' id='word_1_134' title='bbox 379 1913 480 1971; x_wconf 86' lang='lat' dir='ltr'>bestiis</span> <span class='ocrx_word' id='word_1_135' title='bbox 501 1913 608 1989; x_wconf 88' lang='lat' dir='ltr'>objecti</span> <span class='ocrx_word' id='word_1_136' title='bbox 632 1923 719 1983; x_wconf 88' lang='lat' dir='ltr'>sunt;</span> <span class='ocrx_word' id='word_1_137' title='bbox 740 1911 837 1988; x_wconf 88' lang='lat' dir='ltr'>pauci,</span> <span class='ocrx_word' id='word_1_138' title='bbox 852 1914 956 1988; x_wconf 91' lang='lat' dir='ltr'>quibus</span> <span class='ocrx_word' id='word_1_139' title='bbox 978 1914 1080 1972; x_wconf 85' lang='lat' dir='ltr'>relicta</span> <span class='ocrx_word' id='word_1_140' title='bbox 1099 1925 1142 1974; x_wconf 87' lang='lat' dir='ltr'>est</span> 
     </span>
     <span class='ocr_line' id='line_1_19' title="bbox 215 2004 1142 2077; baseline 0.005 -16"><span class='ocrx_word' id='word_1_141' title='bbox 215 2005 321 2075; x_wconf 87' lang='lat' dir='ltr'>anima,</span> <span class='ocrx_word' id='word_1_142' title='bbox 343 2005 434 2060; x_wconf 89' lang='lat' dir='ltr'>clausi</span> <span class='ocrx_word' id='word_1_143' title='bbox 454 2005 484 2060; x_wconf 92' lang='lat' dir='ltr'>in</span> <span class='ocrx_word' id='word_1_144' title='bbox 505 2005 641 2076; x_wconf 87' lang='lat' dir='ltr'>tenebris,</span> <span class='ocrx_word' id='word_1_145' title='bbox 662 2023 730 2061; x_wconf 90' lang='lat' dir='ltr'>cum</span> <span class='ocrx_word' id='word_1_146' title='bbox 750 2020 872 2060; x_wconf 74' lang='lat' dir='ltr'>moerore</span> <span class='ocrx_word' id='word_1_147' title='bbox 894 2013 923 2062; x_wconf 90' lang='lat' dir='ltr'>et</span> <span class='ocrx_word' id='word_1_148' title='bbox 943 2004 1034 2077; x_wconf 89' lang='lat' dir='ltr'>luctu,</span> <span class='ocrx_word' id='word_1_149' title='bbox 1050 2016 1142 2066; x_wconf 83' lang='lat' dir='ltr'>morto</span> 
     </span>
     <span class='ocr_line' id='line_1_20' title="bbox 214 2093 1141 2174; baseline 0.004 -22"><span class='ocrx_word' id='word_1_150' title='bbox 214 2095 376 2174; x_wconf 81' lang='lat' dir='ltr'>graviorem</span> <span class='ocrx_word' id='word_1_151' title='bbox 390 2095 477 2150; x_wconf 84' lang='lat' dir='ltr'>vitam</span> <span class='ocrx_word' id='word_1_152' title='bbox 499 2095 625 2170; x_wconf 82' lang='lat' dir='ltr'>exigunt.</span> <span class='ocrx_word' id='word_1_153' title='bbox 668 2095 700 2152; x_wconf 82' lang='lat' dir='ltr'>si</span> <span class='ocrx_word' id='word_1_154' title='bbox 714 2093 822 2164; x_wconf 86' lang='lat' dir='ltr'>omnia,</span> <span class='ocrx_word' id='word_1_155' title='bbox 836 2114 899 2171; x_wconf 85' lang='lat' dir='ltr'>quae</span> <span class='ocrx_word' id='word_1_156' title='bbox 922 2105 971 2152; x_wconf 91' lang='lat' dir='ltr'>aut</span> <span class='ocrx_word' id='word_1_157' title='bbox 986 2097 1077 2168; x_wconf 85' lang='lat' dir='ltr'>amisi,</span> <span class='ocrx_word' id='word_1_158' title='bbox 1093 2107 1141 2157; x_wconf 84' lang='lat' dir='ltr'>aut</span> 
     </span>
    </p>
   </div>
   <div class='ocr_carea' id='block_1_4' title="bbox 138 2184 1153 3632">
    <p class='ocr_par' dir='ltr' id='par_1_4' title="bbox 138 2184 1153 3632">
     <span class='ocr_line' id='line_1_21' title="bbox 214 2184 1140 2261; baseline 0.003 -18"><span class='ocrx_word' id='word_1_159' title='bbox 214 2203 251 2244; x_wconf 86' lang='lat' dir='ltr'>ex</span> <span class='ocrx_word' id='word_1_160' title='bbox 271 2184 443 2242; x_wconf 83' lang='lat' dir='ltr'>necessariis</span> <span class='ocrx_word' id='word_1_161' title='bbox 465 2185 584 2242; x_wconf 85' lang='lat' dir='ltr'>advorsa</span> <span class='ocrx_word' id='word_1_162' title='bbox 607 2185 780 2256; x_wconf 84' lang='lat' dir='ltr'>factasunt,</span> <span class='ocrx_word' id='word_1_163' title='bbox 803 2184 961 2244; x_wconf 86' lang='lat' dir='ltr'>incolumia</span> <span class='ocrx_word' id='word_1_164' title='bbox 981 2196 1140 2261; x_wconf 84' lang='lat' dir='ltr'>manerent,</span> 
     </span>
     <span class='ocr_line' id='line_1_22' title="bbox 214 2274 1142 2354; baseline 0.004 -22"><span class='ocrx_word' id='word_1_165' title='bbox 214 2285 321 2346; x_wconf 85' lang='lat' dir='ltr'>tamen,</span> <span class='ocrx_word' id='word_1_166' title='bbox 343 2274 455 2350; x_wconf 91' lang='lat' dir='ltr'>siquid</span> <span class='ocrx_word' id='word_1_167' title='bbox 476 2275 545 2333; x_wconf 83' lang='lat' dir='ltr'>mali</span> <span class='ocrx_word' id='word_1_168' title='bbox 566 2295 601 2333; x_wconf 86' lang='lat' dir='ltr'>err</span> <span class='ocrx_word' id='word_1_169' title='bbox 620 2276 774 2352; x_wconf 86' lang='lat' dir='ltr'>improviso</span> <span class='ocrx_word' id='word_1_170' title='bbox 797 2276 958 2348; x_wconf 87' lang='lat' dir='ltr'>accidisset,</span> <span class='ocrx_word' id='word_1_171' title='bbox 972 2297 1023 2336; x_wconf 85' lang='lat' dir='ltr'>ros</span> <span class='ocrx_word' id='word_1_172' title='bbox 1041 2279 1142 2354; x_wconf 74' lang='lat' dir='ltr'>implo</span> 
     </span>
     <span class='ocr_line' id='line_1_23' title="bbox 215 2367 1143 2443; baseline 0.005 -22"><span class='ocrx_word' id='word_1_173' title='bbox 215 2383 318 2437; x_wconf 78' lang='lat' dir='ltr'>raram,</span> <span class='ocrx_word' id='word_1_174' title='bbox 332 2367 432 2424; x_wconf 85' lang='lat' dir='ltr'>Patres</span> <span class='ocrx_word' id='word_1_175' title='bbox 451 2367 623 2442; x_wconf 82' lang='lat' dir='ltr'>conscripti3</span> <span class='ocrx_word' id='word_1_176' title='bbox 647 2367 761 2441; x_wconf 90' lang='lat' dir='ltr'>quibus,</span> <span class='ocrx_word' id='word_1_177' title='bbox 774 2383 826 2441; x_wconf 87' lang='lat' dir='ltr'>pro</span> <span class='ocrx_word' id='word_1_178' title='bbox 839 2368 1039 2443; x_wconf 85' lang='lat' dir='ltr'>magnitudine</span> <span class='ocrx_word' id='word_1_179' title='bbox 1053 2371 1143 2443; x_wconf 68' lang='lat' dir='ltr'>impe</span> 
     </span>
     <span class='ocr_line' id='line_1_24' title="bbox 214 2454 1143 2532; baseline 0 -18"><span class='ocrx_word' id='word_1_180' title='bbox 214 2456 261 2528; x_wconf 88' lang='lat' dir='ltr'>rii,</span> <span class='ocrx_word' id='word_1_181' title='bbox 283 2457 330 2532; x_wconf 84' lang='lat' dir='ltr'>jus</span> <span class='ocrx_word' id='word_1_182' title='bbox 348 2468 377 2514; x_wconf 90' lang='lat' dir='ltr'>et</span> <span class='ocrx_word' id='word_1_183' title='bbox 398 2456 518 2532; x_wconf 86' lang='lat' dir='ltr'>injurias</span> <span class='ocrx_word' id='word_1_184' title='bbox 532 2456 627 2513; x_wconf 84' lang='lat' dir='ltr'>omnis</span> <span class='ocrx_word' id='word_1_185' title='bbox 647 2475 724 2514; x_wconf 84' lang='lat' dir='ltr'>curae</span> <span class='ocrx_word' id='word_1_186' title='bbox 745 2473 809 2514; x_wconf 87' lang='lat' dir='ltr'>esse</span> <span class='ocrx_word' id='word_1_187' title='bbox 829 2454 922 2512; x_wconf 85' lang='lat' dir='ltr'>decet.</span> <span class='ocrx_word' id='word_1_188' title='bbox 964 2457 1054 2514; x_wconf 88' lang='lat' dir='ltr'>Nunc</span> <span class='ocrx_word' id='word_1_189' title='bbox 1074 2475 1143 2514; x_wconf 85' lang='lat' dir='ltr'>vero</span> 
     </span>
     <span class='ocr_line' id='line_1_25' title="bbox 216 2544 1144 2623; baseline -0.002 -18"><span class='ocrx_word' id='word_1_190' title='bbox 216 2547 295 2604; x_wconf 83' lang='lat' dir='ltr'>exsul</span> <span class='ocrx_word' id='word_1_191' title='bbox 321 2547 424 2623; x_wconf 87' lang='lat' dir='ltr'>patria,</span> <span class='ocrx_word' id='word_1_192' title='bbox 451 2548 548 2617; x_wconf 90' lang='lat' dir='ltr'>domo,</span> <span class='ocrx_word' id='word_1_193' title='bbox 576 2546 654 2602; x_wconf 88' lang='lat' dir='ltr'>solus</span> <span class='ocrx_word' id='word_1_194' title='bbox 679 2556 764 2619; x_wconf 87' lang='lat' dir='ltr'>atque</span> <span class='ocrx_word' id='word_1_195' title='bbox 790 2544 921 2599; x_wconf 87' lang='lat' dir='ltr'>omnium</span> <span class='ocrx_word' id='word_1_196' title='bbox 958 2545 1144 2604; x_wconf 87' lang='lat' dir='ltr'>honestarum</span> 
     </span>
     <span class='ocr_line' id='line_1_26' title="bbox 138 2623 1144 2714; baseline -0.003 -20"><span class='ocrx_word' id='word_1_197' title='bbox 138 2699 142 2706; x_wconf 65' lang='grc'>,</span> <span class='ocrx_word' id='word_1_198' title='bbox 217 2654 311 2694; x_wconf 86' lang='lat' dir='ltr'>rerum</span> <span class='ocrx_word' id='word_1_199' title='bbox 331 2655 430 2714; x_wconf 83' lang='lat' dir='ltr'>egens,</span> <span class='ocrx_word' id='word_1_200' title='bbox 455 2655 512 2712; x_wconf 93' lang='lat' dir='ltr'>quo</span> <span class='ocrx_word' id='word_1_201' title='bbox 534 2635 682 2703; x_wconf 85' lang='lat' dir='ltr'>accedam,</span> <span class='ocrx_word' id='word_1_202' title='bbox 697 2642 746 2690; x_wconf 90' lang='lat' dir='ltr'>aut</span> <span class='ocrx_word' id='word_1_203' title='bbox 768 2623 840 2706; x_wconf 88' lang='lat' dir='ltr'>q&#39;uos</span> <span class='ocrx_word' id='word_1_204' title='bbox 861 2632 1023 2708; x_wconf 66' lang='lat' dir='ltr'>adpellem?</span> <span class='ocrx_word' id='word_1_205' title='bbox 1054 2634 1144 2692; x_wconf 84' lang='lat' dir='ltr'>natio·</span> 
     </span>
     <span class='ocr_line' id='line_1_27' title="bbox 209 2717 1144 2803; baseline 0 -18"><span class='ocrx_word' id='word_1_206' title='bbox 209 2717 315 2799; x_wconf 84' lang='lat' dir='ltr'>nosne,</span> <span class='ocrx_word' id='word_1_207' title='bbox 338 2747 374 2784; x_wconf 87' lang='lat' dir='ltr'>an</span> <span class='ocrx_word' id='word_1_208' title='bbox 397 2746 491 2803; x_wconf 83' lang='lat' dir='ltr'>reges,</span> <span class='ocrx_word' id='word_1_209' title='bbox 506 2725 556 2799; x_wconf 89' lang='lat' dir='ltr'>qui</span> <span class='ocrx_word' id='word_1_210' title='bbox 580 2742 680 2781; x_wconf 87' lang='lat' dir='ltr'>omnes</span> <span class='ocrx_word' id='word_1_211' title='bbox 705 2723 820 2782; x_wconf 76' lang='lat' dir='ltr'>familie</span> <span class='ocrx_word' id='word_1_212' title='bbox 834 2736 939 2783; x_wconf 83' lang='lat' dir='ltr'>nostrae</span> <span class='ocrx_word' id='word_1_213' title='bbox 962 2725 1000 2781; x_wconf 94' lang='lat' dir='ltr'>ob</span> <span class='ocrx_word' id='word_1_214' title='bbox 1020 2735 1144 2786; x_wconf 82' lang='lat' dir='ltr'>vestram</span> 
     </span>
     <span class='ocr_line' id='line_1_28' title="bbox 218 2817 1144 2890; baseline 0.004 -16"><span class='ocrx_word' id='word_1_215' title='bbox 218 2817 373 2875; x_wconf 86' lang='lat' dir='ltr'>amicitiam</span> <span class='ocrx_word' id='word_1_216' title='bbox 392 2817 489 2875; x_wconf 86' lang='lat' dir='ltr'>infesti</span> <span class='ocrx_word' id='word_1_217' title='bbox 503 2817 591 2874; x_wconf 78' lang='lat' dir='ltr'>suntl</span> <span class='ocrx_word' id='word_1_218' title='bbox 613 2835 649 2872; x_wconf 86' lang='lat' dir='ltr'>an</span> <span class='ocrx_word' id='word_1_219' title='bbox 663 2834 808 2890; x_wconf 89' lang='lat' dir='ltr'>quoquam</span> <span class='ocrx_word' id='word_1_220' title='bbox 822 2817 893 2876; x_wconf 89' lang='lat' dir='ltr'>mihi</span> <span class='ocrx_word' id='word_1_221' title='bbox 908 2817 986 2875; x_wconf 91' lang='lat' dir='ltr'>adire</span> <span class='ocrx_word' id='word_1_222' title='bbox 999 2817 1078 2890; x_wconf 89' lang='lat' dir='ltr'>licet,</span> <span class='ocrx_word' id='word_1_223' title='bbox 1093 2817 1144 2878; x_wconf 87' lang='lat' dir='ltr'>ubi</span> 
     </span>
     <span class='ocr_line' id='line_1_29' title="bbox 217 2907 1144 2986; baseline 0 -20"><span class='ocrx_word' id='word_1_224' title='bbox 217 2925 275 2966; x_wconf 90' lang='lat' dir='ltr'>non</span> <span class='ocrx_word' id='word_1_225' title='bbox 289 2909 429 2984; x_wconf 64' lang='lat' dir='ltr'>majorum</span> <span class='ocrx_word' id='word_1_226' title='bbox 443 2925 572 2965; x_wconf 90' lang='lat' dir='ltr'>meorum</span> <span class='ocrx_word' id='word_1_227' title='bbox 592 2907 708 2964; x_wconf 87' lang='lat' dir='ltr'>hostilia</span> <span class='ocrx_word' id='word_1_228' title='bbox 725 2920 913 2968; x_wconf 89' lang='lat' dir='ltr'>monumenta</span> <span class='ocrx_word' id='word_1_229' title='bbox 927 2909 1052 2986; x_wconf 85' lang='lat' dir='ltr'>plurima</span> <span class='ocrx_word' id='word_1_230' title='bbox 1065 2909 1144 2966; x_wconf 81' lang='lat' dir='ltr'>sinti</span> 
     </span>
     <span class='ocr_line' id='line_1_30' title="bbox 218 2997 1145 3075; baseline 0 -21"><span class='ocrx_word' id='word_1_231' title='bbox 218 3007 266 3055; x_wconf 89' lang='lat' dir='ltr'>aut</span> <span class='ocrx_word' id='word_1_232' title='bbox 284 2999 435 3073; x_wconf 86' lang='lat' dir='ltr'>quisquam</span> <span class='ocrx_word' id='word_1_233' title='bbox 449 2998 539 3055; x_wconf 84' lang='lat' dir='ltr'>nostri</span> <span class='ocrx_word' id='word_1_234' title='bbox 553 2997 682 3055; x_wconf 88' lang='lat' dir='ltr'>misereri</span> <span class='ocrx_word' id='word_1_235' title='bbox 702 3010 807 3074; x_wconf 83' lang='lat' dir='ltr'>potest,</span> <span class='ocrx_word' id='word_1_236' title='bbox 821 3001 871 3075; x_wconf 87' lang='lat' dir='ltr'>qui</span> <span class='ocrx_word' id='word_1_237' title='bbox 889 3001 1042 3074; x_wconf 82' lang='lat' dir='ltr'>aliquando</span> <span class='ocrx_word' id='word_1_238' title='bbox 1062 2997 1145 3054; x_wconf 86' lang='lat' dir='ltr'>vobis</span> 
     </span>
     <span class='ocr_line' id='line_1_31' title="bbox 217 3085 1146 3155; baseline -0.002 -11"><span class='ocrx_word' id='word_1_239' title='bbox 217 3087 307 3145; x_wconf 90' lang='lat' dir='ltr'>hostis</span> <span class='ocrx_word' id='word_1_240' title='bbox 321 3088 396 3145; x_wconf 79' lang='lat' dir='ltr'>fuist</span> <span class='ocrx_word' id='word_1_241' title='bbox 429 3088 589 3155; x_wconf 86' lang='lat' dir='ltr'>Postremo,</span> <span class='ocrx_word' id='word_1_242' title='bbox 605 3087 761 3147; x_wconf 86' lang='lat' dir='ltr'>Masinissa</span> <span class='ocrx_word' id='word_1_243' title='bbox 773 3107 828 3146; x_wconf 92' lang='lat' dir='ltr'>nos</span> <span class='ocrx_word' id='word_1_244' title='bbox 842 3091 882 3147; x_wconf 86' lang='lat' dir='ltr'>ita</span> <span class='ocrx_word' id='word_1_245' title='bbox 895 3089 1030 3155; x_wconf 84' lang='lat' dir='ltr'>instituit,</span> <span class='ocrx_word' id='word_1_246' title='bbox 1044 3085 1146 3142; x_wconf 83' lang='lat' dir='ltr'>Patres</span> 
     </span>
     <span class='ocr_line' id='line_1_32' title="bbox 219 3175 1145 3254; baseline -0.004 -21"><span class='ocrx_word' id='word_1_247' title='bbox 219 3179 384 3254; x_wconf 86' lang='lat' dir='ltr'>conscripti,</span> <span class='ocrx_word' id='word_1_248' title='bbox 396 3197 433 3236; x_wconf 87' lang='lat' dir='ltr'>nc</span> <span class='ocrx_word' id='word_1_249' title='bbox 451 3197 537 3253; x_wconf 85' lang='lat' dir='ltr'>quem</span> <span class='ocrx_word' id='word_1_250' title='bbox 551 3178 722 3248; x_wconf 88' lang='lat' dir='ltr'>coleremus,</span> <span class='ocrx_word' id='word_1_251' title='bbox 736 3179 792 3236; x_wconf 85' lang='lat' dir='ltr'>riisi</span> <span class='ocrx_word' id='word_1_252' title='bbox 813 3178 951 3252; x_wconf 91' lang='lat' dir='ltr'>populum</span> <span class='ocrx_word' id='word_1_253' title='bbox 966 3175 1145 3246; x_wconf 87' lang='lat' dir='ltr'>Romanum,</span> 
     </span>
     <span class='ocr_line' id='line_1_33' title="bbox 219 3260 1153 3339; baseline -0.006 -15"><span class='ocrx_word' id='word_1_254' title='bbox 219 3284 256 3324; x_wconf 87' lang='lat' dir='ltr'>nc</span> <span class='ocrx_word' id='word_1_255' title='bbox 282 3269 444 3339; x_wconf 86' lang='lat' dir='ltr'>societates,</span> <span class='ocrx_word' id='word_1_256' title='bbox 477 3287 514 3325; x_wconf 88' lang='lat' dir='ltr'>ne</span> <span class='ocrx_word' id='word_1_257' title='bbox 539 3267 647 3324; x_wconf 85' lang='lat' dir='ltr'>foedera</span> <span class='ocrx_word' id='word_1_258' title='bbox 678 3285 753 3323; x_wconf 85' lang='lat' dir='ltr'>nora</span> <span class='ocrx_word' id='word_1_259' title='bbox 783 3267 997 3338; x_wconf 78' lang='lat' dir='ltr'>acciperemus:</span> <span class='ocrx_word' id='word_1_260' title='bbox 1032 3260 1153 3322; x_wconf 79' lang='lat' dir='ltr'>abunde</span> 
     </span>
     <span class='ocr_line' id='line_1_34' title="bbox 218 3350 1146 3436; baseline -0.008 -20"><span class='ocrx_word' id='word_1_261' title='bbox 218 3375 323 3436; x_wconf 83' lang='lat' dir='ltr'>magna</span> <span class='ocrx_word' id='word_1_262' title='bbox 345 3359 480 3436; x_wconf 74' lang='lat' dir='ltr'>presidia</span> <span class='ocrx_word' id='word_1_263' title='bbox 503 3356 588 3414; x_wconf 85' lang='lat' dir='ltr'>nobis</span> <span class='ocrx_word' id='word_1_264' title='bbox 607 3355 637 3413; x_wconf 90' lang='lat' dir='ltr'>in</span> <span class='ocrx_word' id='word_1_265' title='bbox 661 3364 755 3412; x_wconf 85' lang='lat' dir='ltr'>restra</span> <span class='ocrx_word' id='word_1_266' title='bbox 779 3353 907 3410; x_wconf 86' lang='lat' dir='ltr'>amicitia</span> <span class='ocrx_word' id='word_1_267' title='bbox 927 3352 1005 3409; x_wconf 88' lang='lat' dir='ltr'>sore:</span> <span class='ocrx_word' id='word_1_268' title='bbox 1031 3351 1055 3416; x_wconf 81' lang='lat' dir='ltr'>si</span> <span class='ocrx_word' id='word_1_269' title='bbox 1077 3350 1146 3412; x_wconf 86' lang='lat' dir='ltr'>huic</span> 
     </span>
     <span class='ocr_line' id='line_1_35' title="bbox 217 3440 1145 3525; baseline -0.008 -18"><span class='ocrx_word' id='word_1_270' title='bbox 217 3440 339 3525; x_wconf 85' lang='lat' dir='ltr'>imperio</span> <span class='ocrx_word' id='word_1_271' title='bbox 358 3449 473 3506; x_wconf 87' lang='lat' dir='ltr'>lortuna</span> <span class='ocrx_word' id='word_1_272' title='bbox 491 3456 659 3517; x_wconf 88' lang='lat' dir='ltr'>mutaretur,</span> <span class='ocrx_word' id='word_1_273' title='bbox 673 3462 733 3500; x_wconf 89' lang='lat' dir='ltr'>una</span> <span class='ocrx_word' id='word_1_274' title='bbox 752 3442 945 3500; x_wconf 88' lang='lat' dir='ltr'>occidendum</span> <span class='ocrx_word' id='word_1_275' title='bbox 967 3443 1051 3501; x_wconf 89' lang='lat' dir='ltr'>nobis</span> <span class='ocrx_word' id='word_1_276' title='bbox 1073 3459 1145 3500; x_wconf 87' lang='lat' dir='ltr'>esse.</span> 
     </span>
     <span class='ocr_line' id='line_1_36' title="bbox 217 3527 1148 3632; baseline -0.013 -36"><span class='ocrx_word' id='word_1_277' title='bbox 217 3537 335 3598; x_wconf 85' lang='lat' dir='ltr'>Virtute</span> <span class='ocrx_word' id='word_1_278' title='bbox 350 3557 385 3598; x_wconf 86' lang='lat' dir='ltr'>ac</span> <span class='ocrx_word' id='word_1_279' title='bbox 399 3539 444 3597; x_wconf 86' lang='lat' dir='ltr'>dis</span> <span class='ocrx_word' id='word_1_280' title='bbox 456 3536 619 3596; x_wconf 83' lang='lat' dir='ltr'>volentibus</span> <span class='ocrx_word' id='word_1_281' title='bbox 637 3533 734 3613; x_wconf 84' lang='lat' dir='ltr'>magni</span> <span class='ocrx_word' id='word_1_282' title='bbox 751 3533 820 3592; x_wconf 88' lang='lat' dir='ltr'>estis</span> <span class='ocrx_word' id='word_1_283' title='bbox 833 3543 862 3593; x_wconf 85' lang='lat' dir='ltr'>et</span> <span class='ocrx_word' id='word_1_284' title='bbox 879 3535 1027 3632; x_wconf 67' lang='lat' dir='ltr'>opplenti:</span> <span class='ocrx_word' id='word_1_285' title='bbox 1048 3527 1148 3590; x_wconf 83' lang='lat' dir='ltr'>omnia</span> 
     </span>
    </p>
   </div>
   <div class='ocr_carea' id='block_1_5' title="bbox 0 0 1344 4276">
    <p class='ocr_par' dir='ltr' id='par_1_5' title="bbox 0 0 1344 4276">
     <span class='ocr_line' id='line_1_37' title="bbox 0 0 1344 4276; baseline 0 0"><span class='ocrx_word' id='word_1_286' title='bbox 0 0 1344 4276; x_wconf 95' lang='lat' dir='ltr'> </span> 
     </span>
    </p>
   </div>
  </div>
 </body>
</html>
