2682 4268
229 353 291 416 10⁰
507 367 671 410 srunusrrr
693 365 874 409 munerun.

224 528 306 570 rere:
328 528 392 568 enm
419 527 480 568 ru
501 528 556 568 nos
582 509 665 567 loeus
689 507 846 566 admonuit.
886 506 959 567 Qua
984 515 1158 584 tempestate

224 600 480 678 Gurthnginienses
493 601 637 676 plerunque
652 599 760 657 Airiore
780 597 993 672 imperitabunt,
1008 599 1158 674 Cyrenen-

224 710 271 752 ses
285 710 399 767 quoque
419 691 519 768 mugni
533 701 618 766 etque
631 690 760 766 opulenti
781 690 869 746 suere.
912 689 994 765 Ager
1013 690 1043 747 in
1058 690 1157 750 medio

209 825 213 832 -
226 801 374 854 menoses,
387 801 446 840 unu
456 781 571 858 speeie:
592 799 686 857 neque
695 780 813 851 flumen,
823 797 919 854 neque
929 797 1013 837 mons
1023 791 1095 852 eret,
1106 782 1156 856 qni

226 873 292 932 finis
305 891 408 930 eorum
419 873 615 942 dieoerneret3
636 889 759 947 queres
775 889 826 928 eos
841 871 870 927 iu
885 889 991 947 magno
1006 872 1155 929 diuturno·

226 983 282 1040 que
295 964 372 1022 bello
386 964 461 1022 inter
475 982 506 1020 se
520 963 636 1021 hebuit(
671 963 825 1037 Postquam
847 961 991 1036 utrimque
1013 961 1153 1038 legiones,

226 1055 296 1115 item
312 1055 425 1112 classes
448 1072 524 1128 serpe
547 1054 617 1110 fuere
639 1053 811 1130 fugatoque,
826 1063 855 1110 et
877 1052 958 1108 elteri
983 1052 1089 1110 alteros
1105 1053 1153 1110 sli-

226 1156 366 1222 quentum
377 1145 566 1213 adtriverent3
582 1145 675 1214 veriti,
688 1162 725 1201 ne
737 1163 802 1201 mox
812 1144 907 1200 vietus
915 1143 1096 1218 victoresque
1107 1145 1154 1202 de·

225 1235 317 1294 fessos
329 1236 401 1293 eiius
413 1235 626 1310 adgrederetur,
636 1253 687 1310 per
698 1235 830 1291 inducias
839 1233 1020 1309 sponsionem
1033 1235 1153 1305 fuciunt,

226 1333 245 1360 “
258 1326 299 1384 uti
314 1337 394 1383 oerto
408 1326 455 1383 die
469 1327 556 1402 legati
578 1327 665 1383 domo
679 1326 949 1401 proficiscerentur;
971 1344 1029 1399 quo
1044 1326 1073 1382 in
1088 1326 1153 1383 looo

226 1417 301 1476 inter
316 1436 347 1474 se
358 1417 435 1474 obvii
449 1417 580 1490 fuissent,
596 1417 621 1474 is
635 1417 797 1474 eommunis
811 1416 960 1490 utriusque
974 1416 1074 1491 populi
1089 1415 1153 1473 finis

226 1509 408 1567 haberetur.'’
450 1507 543 1584 Igitur
570 1507 746 1585 Carthagine
768 1508 827 1564 duo
854 1507 955 1564 fratres
982 1507 1073 1579 missi,
1095 1507 1154 1582 qui·

227 1601 281 1658 bus
295 1619 400 1658 nomeu
415 1599 552 1656 Phitenis
563 1610 633 1671 erat,
648 1609 827 1657 maturavere
843 1598 897 1655 iter
907 1615 1044 1673 pergere:
1066 1598 1154 1673 Cyre·

226 1709 331 1748 nenses
354 1691 463 1748 tordius
487 1691 554 1747 iere.
596 1688 630 1746 Id
651 1690 832 1760 socordiane,
855 1707 891 1744 en
912 1705 980 1744 cusu
1004 1687 1159 1759 acciderit,

225 1799 328 1858 perum
348 1781 480 1858 cognovi.
525 1781 663 1838 Ceterum
683 1780 756 1837 solet
777 1780 808 1836 in
828 1779 885 1835 iliis
905 1779 979 1836 loeis
999 1789 1154 1854 tempestus

227 1872 303 1930 haud
318 1892 411 1944 seous,
427 1883 512 1947 etque
532 1872 561 1928 in
584 1871 655 1928 meri
676 1871 808 1928 retinere.
849 1868 879 1927 N
883 1889 927 1927 arn
949 1869 1009 1941 ubi,
1023 1889 1076 1944 per
1090 1869 1154 1928 loon

227 1964 348 2038 aequalia
377 1972 407 2020 et
439 1965 517 2019 nude
547 1962 739 2038 gignentium,
764 1970 866 2018 ventus
891 1971 1009 2018 ooortus
1036 1979 1154 2018 erenum

227 2054 316 2112 humo
330 2053 474 2124 excitavit,
489 2071 535 2124 ee,
557 2071 662 2129 mugnu
682 2053 709 2108 vi
730 2053 846 2128 agitate,
861 2070 912 2108 orn
932 2052 1091 2126 oculosque
1105 2052 1154 2108 im·

226 2144 305 2220 plere
326 2144 418 2212 selet;
439 2145 480 2200 ite
502 2155 657 2219 prospeotu
679 2143 827 2218 impedito,
843 2143 948 2200 mereri
969 2143 1032 2200 iter.
1074 2143 1153 2200 Post·

226 2250 313 2307 quam
334 2233 516 2306 Cyrenenses
538 2235 685 2307 eliquanto
704 2235 878 2308 posteriores
898 2251 929 2290 se
943 2233 1051 2304 vident,
1066 2243 1096 2290 et
1116 2233 1154 2290 ob

225 2341 286 2382 rem
303 2333 465 2396 norruptem
481 2322 558 2380 domi
572 2341 672 2398 pmnns
690 2335 840 2393 metuuut3
862 2323 1019 2395 oriminnri,
1035 2324 1154 2381 Gerrhu-

227 2413 372 2492 giuienses
387 2423 453 2471 unte
470 2424 583 2488 tempus
601 2415 690 2472 domo
709 2415 864 2491 digressos,
880 2415 1056 2472 conturbare
1074 2400 1151 2471 reru:

226 2505 352 2580 denique
380 2507 478 2562 omnia
504 2506 599 2577 malle,
627 2524 713 2581 quarn
740 2507 810 2562 vieti
839 2505 926 2571 ebbe.
978 2506 1036 2561 Sed
1065 2523 1153 2580 quuru

226 2596 308 2655 Poeni
324 2596 408 2655 ulium
433 2598 642 2668 conditionem,
656 2597 857 2654 tantummodo
871 2615 991 2670 aequnm,
1012 2604 1152 2670 peterent,

226 2688 323 2748 Graeni
347 2691 494 2764 optionem
516 2688 799 2765 Carthaginiensium
825 2688 945 2757 faciunt,
960 2697 991 2743 ut
1010 2693 1029 2720 “
1042 2687 1085 2744 rei
1102 2687 1153 2758 illi,

227 2797 298 2854 quos
312 2781 377 2837 finis
391 2780 497 2854 populo
511 2798 565 2836 suo
585 2789 725 2854 peterent,
742 2780 781 2836 ibi
803 2779 859 2836 viri
880 2780 1086 2847 obruerentur;
1109 2777 1153 2834 rel

227 2869 328 2926 eadem
350 2870 515 2926 conditione
536 2889 609 2939 sese,
624 2888 708 2944 quem
733 2871 763 2926 in
788 2871 885 2927 locum
909 2868 1024 2940 vellent,
1038 2885 1154 2942 prodes

225 2959 338 3014 suros.”
390 2957 521 3029 Philaeni,
549 2959 718 3017 conditione
741 2961 872 3034 probata,
897 2977 985 3033 seque
1008 2959 1154 3032 ritumque

226 3067 308 3108 suem
338 3049 504 3123 reipublioae
532 3050 750 3107 oondonere're:
782 3051 822 3108 ite
846 3035 902 3107 riri
929 3049 1033 3106 obruti.
1084 3049 1154 3106 Oar-

226 3141 422 3218 thagirrierrses
449 3141 478 3197 iu
503 3161 539 3198 eo
562 3140 628 3198 loeo
650 3142 786 3200 Philaeuis
809 3142 944 3199 frutribus
969 3159 1032 3197 urus
1053 3157 1153 3196 eonse-

226 3249 359 3302 cravere3
382 3233 487 3306 aliique
508 3232 565 3290 illis
585 3233 663 3290 domi
685 3233 809 3290 honores
831 3231 963 3290 instituti.
1005 3229 1097 3288 Nune
1119 3228 1153 3286 ed

226 3340 287 3380 reru
308 3326 403 3381 redeo.

266 3412 394 3472 LXXX.
423 3415 441 3470 J
444 3413 567 3491 ugurtha
578 3424 738 3488 postquem,
753 3413 857 3470 emisse
870 3412 976 3482 Thala,
990 3409 1062 3468 nihii
1084 3411 1154 3468 satis

226 3499 339 3558 firmum
361 3516 463 3561 eontra
485 3503 635 3562 Metellum
655 3512 745 3579 putat,
766 3521 817 3577 per
841 3521 961 3578 mugnus
982 3501 1155 3559 solitudines

215 3605 294 3648 ¹euru
314 3593 415 3665 puuois
427 3594 584 3670 profectus,
598 3593 727 3674 pervenit
748 3592 784 3654 ud
797 3592 936 3670 Gaetulos,
951 3609 1044 3672 genus
1062 3590 1155 3656 horni-
