2656 4276
493 305 654 348 ssnnusrrr
676 303 860 348 mannans.
1097 287 1141 353 79

207 447 240 507 iu
265 446 341 525 agris
363 455 465 505 erant:
486 465 522 506 ex
541 446 656 523 oppidis
675 457 705 505 et
728 447 889 522 mapalibus
911 445 1041 522 prefecti
1060 449 1139 529 regis

209 539 287 596 obvii
300 539 505 615 procedebant,
526 539 619 614 parati
640 539 814 597 frumentum
837 539 916 611 dare,
942 551 1137 601 commeatum

207 639 331 704 portare,
358 640 505 705 postremo
537 629 645 702 omnia,
680 648 744 704 que
778 630 996 705 imperarentur,
1031 631 1135 691 lacere.

208 719 313 794 Neque
328 719 464 778 Metellus
477 721 589 778 idcirco
609 721 715 792 minus,
737 721 788 778 sed
808 722 914 796 pariter
939 740 973 779 ac
994 721 1018 778 si
1039 722 1137 782 hostes

209 809 353 881 adessent,
367 811 478 868 munito
495 811 610 888 agmine
623 811 770 882 incedere,
785 811 843 869 late
864 812 1013 886 explorare
1027 813 1136 885 omnin,

210 897 261 956 illa
274 899 426 958 deditionis
449 901 532 978 signa
554 901 682 958 ostentui
704 902 833 972 credere,
855 912 884 958 et
906 901 1019 958 insidiis
1038 903 1136 960 locum

209 997 356 1064 temptare.
396 990 498 1065 Itaque
521 992 584 1066 ipse
607 1010 675 1049 cum
696 991 838 1067 expeditis
862 991 1045 1063 cohortibus,
1067 992 1137 1050 item

209 1077 386 1137 firnditorum
400 1090 428 1138 et
442 1083 654 1158 sagittariorum
677 1082 791 1140 delecta
810 1101 908 1153 manu,
931 1082 1007 1158 apud
1027 1083 1137 1159 primos

207 1178 289 1225 erat:
310 1170 341 1226 in
354 1181 500 1246 postremo
513 1172 548 1228 C.
564 1171 674 1229 Marius
687 1171 799 1248 legatus
813 1191 880 1229 cum
894 1173 1040 1247 equitibus
1054 1187 1136 1231 cura·

209 1257 275 1315 bat:
297 1259 328 1316 in
341 1271 496 1334 utrumque
509 1261 584 1317 latus
598 1262 763 1318 auxiliarios
776 1263 887 1337 equites
901 1264 1025 1321 tribunis
1046 1262 1137 1339 legio·

209 1365 278 1404 num
306 1359 336 1404 et
360 1349 505 1422 proelectis
529 1349 692 1404 cohortium
715 1350 922 1423 dispertiverat,
943 1362 975 1409 ut
999 1371 1069 1408 curn
1090 1350 1136 1408 his

207 1439 344 1512 permixti
354 1423 656 1510 velites,quocurnquc
666 1437 849 1507 accederent,
858 1439 1002 1510 equitatus
1010 1440 1138 1497 bostium

208 1526 419 1604 propulsarent.
461 1525 538 1582 Nam
553 1526 583 1582 in
604 1525 748 1601 Iugurtha
768 1535 864 1583 tantus
888 1526 981 1598 dolus,
1002 1536 1139 1601 tantaque

208 1617 314 1694 peritia
328 1617 459 1676 locorum
474 1627 503 1674 et
523 1616 632 1673 militie
647 1625 717 1688 erat,
743 1625 784 1688 ut,
809 1616 921 1688 absens,
946 1635 982 1676 an
1001 1635 1138 1694 presens,

208 1725 312 1782 paoem
327 1727 364 1765 an
389 1708 496 1766 bellum
518 1725 631 1784 gerens,
655 1707 846 1782 perniciosior
867 1717 952 1780 esset,
973 1709 1004 1766 in
1025 1709 1139 1767 incerto

210 1797 372 1856 haberetur.
859 1796 872 1816 ‘

250 1887 375 1946 XLVII.
403 1887 474 1945 Erat
487 1887 565 1946 haud
579 1887 666 1964 louge
681 1887 716 1944 ab
730 1905 766 1946 eo
787 1887 900 1960 itinere,
923 1907 980 1964 quo
1001 1887 1139 1948 Metellus

210 1979 358 2055 pergebat,
383 1979 519 2053 oppidum
541 1978 744 2050 Numidarum,
766 1979 884 2036 nomine
908 1980 1019 2052 Vacca,
1045 1979 1139 2039 sorum

211 2086 309 2125 rerum
323 2067 467 2124 venalium
480 2069 568 2125 totius
582 2068 663 2144 regni
677 2087 810 2127 maxume
824 2070 1000 2128 celebratum
1013 2091 1020 2140 ς
1042 2070 1092 2127 ubi
1107 2070 1138 2129 et

211 2157 351 2230 incolere,
369 2169 398 2215 et
417 2159 539 2217 mercari
564 2169 772 2218 consueverant
794 2158 890 2218 Italici
914 2163 1029 2238 generis
1050 2161 1134 2220 multi

211 2248 355 2306 mortales.
405 2248 474 2306 Huc
498 2248 619 2320 Consul,
643 2249 726 2306 simul
751 2252 909 2326 temptandi
933 2253 1036 2328 gratia,
1061 2261 1090 2310 et
1110 2250 1136 2309 si

211 2348 386 2414 paterentur,
400 2341 613 2414 opportunitate
626 2340 696 2411 loci,
709 2341 874 2416 presidium
889 2342 1025 2416 imposuit
1037 2361 1044 2410 ;
1064 2359 1137 2416 prm·

212 2437 291 2486 terea
304 2428 453 2504 imperarit
467 2429 651 2500 frumentum,
666 2439 695 2486 et
711 2429 775 2501 alia,
790 2449 853 2505 quae
867 2431 945 2487 bello
958 2431 1024 2487 usui
1043 2431 1138 2487 forent

213 2528 413 2594 comportare:
444 2529 523 2575 ratus
548 2517 587 2588 id,
612 2519 689 2593 quod
710 2537 756 2575 res
775 2519 922 2587 monebat,
944 2518 1137 2591 frequentiam

213 2609 425 2685 negotiatorum
439 2618 468 2666 et
482 2618 645 2666 commeatu
664 2608 828 2682 juvaturam
843 2607 1012 2677 exercitum,
1033 2617 1062 2662 et
1078 2607 1138 2682 jam

213 2699 322 2772 pacatis
335 2701 423 2757 rebus
436 2698 616 2756 munimento
631 2696 700 2753 fore.
734 2694 815 2752 Inter
829 2695 891 2752 haeo
905 2696 1022 2771 negotia
1033 2695 1139 2774 Jugur·

213 2789 263 2847 tha
288 2789 446 2865 impensius
473 2788 560 2846 modo
586 2787 697 2864 legatos
723 2786 867 2862 supplices
891 2786 1014 2860 mittere,
1034 2803 1137 2864 paoem

214 2895 311 2950 orare;
331 2889 435 2956 praeter
449 2898 530 2936 suam
547 2877 760 2952 liberorumque
780 2877 877 2950 vitam,
899 2879 997 2936 omnia
1016 2877 1139 2938 Metello

214 2967 327 3028 dedere.
382 2970 469 3031 Quos
496 2970 575 3040 item,
603 2969 646 3026 uti
672 2969 794 3044 priores,
821 2968 923 3026 consul
951 2971 1075 3026 inlectos
1102 2967 1139 3026 ad

213 3060 406 3133 proditionem
417 3061 534 3116 domum
545 3059 707 3118 dimittebat
719 3079 726 3116 :
747 3059 810 3135 regi
820 3077 932 3134 pacem,
943 3075 1028 3131 quam
1041 3064 1140 3129 postu·

214 3147 300 3221 labat,
314 3169 409 3226 neque
424 3151 559 3221 abnuere,
573 3168 668 3223 neque
680 3148 822 3224 polliceri,
837 3157 866 3204 et
880 3147 954 3202 inter
974 3163 1024 3200 eas
1044 3159 1140 3201 morat

215 3240 354 3312 promissa
367 3241 526 3317 legatorum
541 3248 714 3312 exspectare.

253 3327 395 3388 XLVIII.
423 3328 568 3406 Iugurtha
580 3325 630 3383 ubi
645 3323 757 3382 Metelli
777 3323 857 3379 dicta
870 3338 937 3377 eum
959 3319 1042 3378 factis
1062 3337 1140 3380 cotn—

213 3419 319 3492 posuit,
335 3438 370 3478 ac
384 3438 416 3476 se
429 3419 490 3476 suis
511 3416 619 3475 artibus
638 3410 771 3487 temptari
792 3409 1011 3481 animadvortit3
1033 3410 1139 3488 quippe

214 3509 262 3567 cui
275 3510 372 3568 verbis
385 3527 442 3585 pax
460 3506 663 3576 nunciabatur,
684 3509 813 3561 ceterum
833 3517 865 3560 re
884 3499 992 3562 bellum
1012 3517 1141 3578 asperru-
