2682 4268
467 381 630 424 succussu
650 380 827 447 tuscanas.
1051 363 1111 424 ll't

183 539 308 592 marum,
329 519 476 596 legionum
500 523 645 580 tubicines
668 522 752 580 simul
774 523 867 580 omnis
890 523 974 599 signa
994 540 1110 594 canere,

183 611 292 670 milites
306 613 462 670 clamorem
476 613 586 685 tollere,
610 625 694 688 atque
708 614 798 688 portis
813 632 970 688 erumpere.
1013 611 1112 672 Mauri

186 711 270 777 atque
291 702 398 760 Gaetuli
421 703 521 779 ignoto
544 715 574 761 et
600 704 731 761 horribili
755 705 851 762 sonitu
869 715 987 779 repente
1011 704 1109 776 exciti,

184 811 279 867 neque
301 793 411 869 fugere,
426 813 520 870 neque
542 813 621 852 arma
640 814 754 871 capere,
775 814 868 870 neque
882 795 1001 853 omnino
1014 795 1110 853 facere

185 894 236 941 aut
254 884 404 958 providere
425 886 579 959 quicquam
598 895 747 960 poterant:
770 886 811 942 ita
832 896 954 942 cunctos
980 886 1109 960 strepitu,

185 973 322 1046 clamore,
343 975 424 1032 nullo
437 977 635 1044 subveniente,
649 977 756 1034 nostris
776 977 961 1046 instantibus,
975 975 1111 1045 tumultu,

184 1073 304 1135 terrore,
319 1065 452 1136 formido,
468 1066 550 1140 quasi
572 1067 717 1137 vecordia,
732 1076 856 1142 ceperat.
899 1065 1032 1140 Denique
1052 1083 1112 1121 om·

184 1172 238 1211 nes
262 1155 317 1212 fusi
345 1156 510 1232 fligatique:
543 1175 622 1214 arma
648 1167 677 1213 et
703 1157 786 1233 signa
813 1155 948 1213 militaria
973 1155 1110 1230 pleraque

183 1253 283 1317 capta:
304 1243 458 1318 pluresque
477 1263 514 1301 eo
526 1245 636 1319 praelio,
658 1264 744 1319 quam
765 1246 900 1303 omnibus
914 1244 1111 1319 superioribus

184 1331 366 1409 interempti:
387 1353 454 1391 nam
468 1352 569 1392 somno
581 1345 610 1390 et
620 1345 698 1391 metu
712 1335 828 1391 insolito
842 1335 980 1408 impedita
993 1334 1069 1410 suga.

224 1423 259 1481 G.
288 1424 367 1480 Dein
381 1423 502 1491 Marius,
516 1423 559 1478 uti
580 1433 715 1495 creperet,
726 1423 756 1478 in
776 1423 914 1491 hiberna;
936 1442 1010 1495 quae,
1028 1441 1111 1498 prop·

182 1522 228 1574 tet
243 1522 447 1582 commeatum,
470 1512 500 1568 in
519 1511 633 1585 oppidis
647 1511 808 1576 maritumis
829 1530 914 1586 agere
927 1512 1109 1568 decreverat:

182 1621 281 1678 neque
305 1612 401 1660 tamen
424 1601 546 1659 victoria
569 1618 678 1672 socors,
704 1610 752 1658 aut
777 1600 904 1658 insolens
925 1601 1035 1669 sactus3
1060 1599 1111 1659 sed

182 1695 291 1772 pariter
306 1711 340 1750 ac
354 1693 384 1750 in
406 1701 565 1768 conspectu
585 1690 721 1762 hortium,
743 1692 882 1765 quadrato
900 1691 1014 1768 agmine
1034 1691 1111 1748 ince-

182 1785 262 1842 dere.
304 1784 474 1842 Sullanum
498 1783 628 1857 equitatu
653 1783 727 1857 apud
755 1783 915 1853 dextumos,
939 1782 969 1838 in
997 1781 1111 1838 sinistra

182 1885 267 1952 parte
288 1874 324 1932 A.
340 1873 478 1946 Manlius,
500 1893 566 1932 cum
592 1872 785 1932 funditoribus
806 1882 835 1929 et
858 1872 1023 1948 sagittariis,
1041 1890 1111 1946 prta·

183 1975 265 2024 terea
292 1965 425 2022 cohortes
445 1964 585 2041 Ligurum
613 1965 750 2022 curabat:
785 1963 893 2038 primos
917 1972 945 2020 et
968 1973 1111 2020 extremos

183 2074 255 2114 cum
282 2055 422 2129 expeditis
442 2055 595 2128 manipulis
615 2055 746 2112 tribunos
772 2054 925 2112 locaverat.
967 2053 1109 2130 Perfugae,

183 2146 316 2206 minume
337 2143 397 2200 cari
418 2153 447 2202 et
467 2144 618 2219 regionum
637 2144 840 2216 scientimumi‚
856 2144 980 2202 hostium
996 2144 1049 2200 iter
1064 2162 1111 2202 ex-

182 2235 353 2313 plorabant:
388 2233 471 2290 simul
494 2233 614 2306 Consul,
638 2235 720 2309 quasi
744 2235 824 2310 nullo
846 2235 990 2311 imposito,
1012 2235 1111 2292 omnia

183 2325 352 2403 providere;
383 2324 458 2400 apud
478 2324 572 2382 omnis
593 2326 710 2394 adesse3
731 2326 859 2397 laudare,
882 2327 1032 2402 increpare
1052 2344 1110 2384 me·

130 2444 138 2468 i
185 2415 283 2474 rentis.
324 2414 390 2490 Ipse
412 2425 537 2472 armatus
551 2416 745 2488 intentusque,
767 2416 836 2472 item
849 2417 954 2472 milites
968 2417 1108 2490 cogebat:

184 2523 280 2582 neque
291 2523 385 2576 secus,
401 2515 485 2579 atque
499 2506 553 2566 iter
568 2505 673 2574 facere,
686 2514 780 2560 castra
790 2505 920 2573 munire;
942 2505 1110 2564 excubitum

185 2598 216 2656 in
229 2608 312 2674 porta
326 2597 461 2654 cohortes
475 2613 511 2651 ex
529 2594 703 2670 legionibus,
723 2611 776 2667 pro
797 2594 899 2649 eastris
919 2594 1030 2666 equites
1045 2611 1111 2650 aux-

185 2687 295 2747 iliarios
315 2685 448 2743 mittere:
469 2693 608 2758 preterea
629 2682 700 2738 alios
724 2700 808 2755 super
828 2681 933 2738 vallum
962 2682 991 2738 in
1019 2683 1111 2740 muni·

185 2778 290 2836 mentis
316 2778 424 2846 locare,
451 2773 565 2850 vigilias
585 2773 646 2848 ipse
670 2771 833 2842 circumire,
865 2791 924 2830 non
954 2782 1012 2830 tam
1039 2772 1111 2830 diffi-

186 2868 284 2928 dentia
304 2866 402 2938 futuri,
418 2885 481 2942 quae
496 2864 701 2940 imperavisset,
717 2882 802 2939 quarn
823 2863 865 2920 uti
886 2865 1026 2924 militibus
1039 2883 1111 2924 exa-

185 2969 288 3036 quatus
303 2976 370 3016 cum
390 2957 562 3032 imperatore
576 2955 657 3012 labos
677 2956 838 3014 volentibus
857 2967 940 3014 esset.
982 2956 1020 3036 Et
1041 2974 1111 3014 sane

186 3049 309 3119 Marius,
339 3047 446 3122 illoque
477 3046 597 3121 aliisque
621 3048 800 3123 temporibus
833 3047 1001 3123 Jugurtbini
1031 3047 1109 3116 belli,

184 3139 296 3214 pudore
317 3137 408 3213 magis
439 3156 524 3212 quam
548 3137 625 3194 malo
652 3139 810 3195 exercitum
834 3138 1005 3203 coercebat3
1033 3134 1111 3207 qnod

186 3229 270 3286 multi
280 3247 332 3303 per
343 3228 528 3285 ambitionem
542 3227 604 3284 lieri
626 3227 756 3296 aiebant;
777 3245 843 3301 pars
855 3226 932 3299 quod
954 3243 970 3280 a
987 3223 1112 3297 pueritia

186 3329 353 3378 consuetam
373 3318 518 3388 duritiam,
537 3325 566 3374 et
580 3315 645 3386 alia,
659 3335 722 3390 quae
742 3315 832 3372 ceteri
853 3314 982 3370 miserias
995 3321 1109 3383 vocant,

187 3407 326 3483 voluptati
352 3406 506 3464 habuisset.
547 3402 615 3459 Nisi
636 3412 732 3459 tamen
756 3401 928 3475 respublica,
949 3400 1054 3476 pariter
1076 3419 1110 3458 ac

186 3499 353 3559 saevissumo
365 3483 495 3571 imperio,
509 3496 584 3551 bene
595 3502 679 3566 atque
692 3491 797 3549 decore
812 3501 899 3566 gesta.

227 3589 277 3654 01.
305 3588 397 3671 Igitur
412 3596 513 3665 quarto
534 3583 658 3665 denique
674 3583 732 3662 die,
747 3581 823 3640 haud
841 3582 927 3669 longe
949 3583 983 3640 ab
1004 3581 1110 3664 oppido
