2656 4276
234 353 280 422 88
522 367 690 416 emnem
712 365 876 414 camma.

233 511 376 576 &mim
389 521 434 572 est
446 509 599 584 lentulus,
612 509 745 570 vindiees
762 527 861 570 rernm
876 507 1046 586 aapiteliura
1055 509 1166 588 qnihs

233 614 411 686 proseptum
423 613 495 676 erat,
505 603 610 680 laqueo
622 603 721 681 gulam
735 601 856 680 fregere.
890 600 937 660 Ita
949 600 999 660 illa
1011 603 1165 682 patricius,
1268 649 1272 656 .

232 713 269 758 ex
281 705 368 773 genta
379 695 549 754 elariseum
558 693 773 766 Corneliorum,
783 693 833 769 qui
843 692 999 752 aemulam
1008 693 1164 770 imperia·

232 783 337 846 Rome
358 786 507 858 babuerat,
520 785 642 863 dignum
661 785 789 844 muribus
809 784 952 860 laetisque
971 785 1032 843 suis
1051 785 1162 846 exitu·

232 875 297 936 rite
317 877 436 936 invenit.
477 876 524 935 De
543 876 687 954 Cethego,
708 876 834 947 Studio,
855 875 993 947 (labinia,
1014 875 1160 952 Casperia,

232 967 335 1028 eodem
349 967 435 1027 modo
448 967 622 1044 supplicium
635 975 781 1042 sumptum
795 975 848 1024 est.

270 1056 349 1118 LVI„
370 1058 449 1119 Dum
462 1077 498 1116 ea
510 1057 614 1116 Rome
624 1055 959 1133 pertranseuntium
972 1056 1053 1117 omni
1064 1055 1158 1132 sapia,

231 1164 318 1223 qaam
344 1157 374 1206 et
403 1146 465 1222 ipse
495 1146 663 1217 addmerat,
690 1155 720 1204 et
746 1145 877 1206 Manlius
909 1147 1059 1218 babuerat,
1085 1147 1159 1206 duas

232 1235 361 1314 Ιιιςίοιιοι
378 1236 503 1296 instituit
509 1257 518 1308 ι
539 1236 685 1308 aobnrtes,
707 1254 760 1311 pru
781 1255 903 1296 numero
927 1237 1062 1309 rnilitum,
1080 1255 1160 1296 aena·

230 1325 306 1404 plat:
340 1326 456 1399 deinde,
477 1335 511 1386 nt
534 1327 656 1402 quisque
681 1327 869 1398 voluntarius,
897 1337 946 1386 aut
965 1345 1002 1386 ex
1021 1328 1108 1386 anelis
1126 1329 1158 1388 in

230 1431 326 1478 eastm
348 1427 477 1490 venerat,
498 1418 647 1494 aqualiter
672 1417 876 1488 distribuerat,
900 1435 935 1478 ae
958 1417 1038 1476 brevi
1064 1418 1157 1494 spatio

230 1509 361 1588 legiones
380 1527 500 1570 numero
519 1509 668 1569 bominum
688 1509 861 1585 expleverat,
884 1527 973 1582 quum
994 1509 1078 1568 initio
1098 1523 1156 1570 nun

230 1601 353 1676 emplius
366 1600 481 1660 duobus
494 1600 621 1660 millibus
641 1600 796 1660 habuisset.
837 1599 895 1658 Sed
916 1617 954 1657 ex
972 1600 1052 1658 omni
1073 1599 1158 1676 eopia

229 1690 347 1750 eireiter
372 1709 439 1768 pers
462 1703 564 1766 quarta
589 1701 652 1750 erat
684 1691 856 1750 militaribus
879 1690 967 1753 arnis
996 1691 1155 1761 instruatu

230 1780 330 1852 aeteri,
344 1790 377 1839 ut
390 1799 533 1857 quemque
551 1799 637 1840 easus
657 1790 824 1853 armaverat,
844 1799 952 1856 sparos,
967 1790 1017 1840 aut
1028 1781 1157 1853 lanaeas,
1181 1819 1187 1830 ·

230 1870 280 1932 elii
292 1879 452 1949 pressuras
462 1873 548 1932 sudes
560 1874 721 1950 portabant
764 1873 832 1943 Sed,
843 1882 994 1948 postquam
1009 1871 1157 1933 Antonius

230 1976 296 2023 tum
311 1965 439 2022 exereitu
454 1963 635 2034 adventabat,
649 1963 777 2022 Catilina
789 1981 840 2038 per
854 1971 967 2021 mantes
981 1962 1036 2020 iter
1049 1963 1156 2034 faeere,

229 2052 317 2110 modo
331 2053 367 2111 ad
381 2053 492 2125 urbem,
507 2053 594 2111 modo
608 2052 638 2110 in
651 2053 778 2112 Galliam
796 2070 895 2110 versus
908 2064 1003 2111 eastra
1023 2071 1155 2122 moretm

229 2141 360 2200 hostibus
370 2144 555 2202 sermionem
570 2144 719 2220 pugnandi
730 2163 788 2202 non
803 2143 888 2213 dare;
909 2145 1042 2220 sperabat
1054 2159 1156 2220 propes

229 2227 306 2289 diem
316 2249 437 2308 magnas
450 2233 549 2308 sapias
559 2251 622 2291 sese
636 2235 810 2306 habiturum,
821 2234 846 2292 si
856 2233 959 2294 Βοιιιιι
969 2233 1042 2290 aecii
1058 2234 1156 2310 ineeps

228 2321 465 2396 tepatrarissent.
506 2322 624 2380 Interea
643 2324 760 2382 servitia
780 2325 958 2400 repudiabat,
973 2322 1056 2398 eujus
1070 2324 1156 2382 initio

230 2410 266 2470 ed
279 2427 346 2470 eum
360 2429 471 2490 magnae
485 2413 577 2488 eopia
591 2416 814 2483 aoncurrsbant,
828 2415 932 2491 opibus
946 2413 1155 2490 eonjuretionie

229 2499 337 2573 fretus,
357 2503 442 2561 simul
461 2503 588 2562 alienum
611 2504 671 2562 suis
695 2505 855 2564 rationibus
868 2507 1043 2564 existumans
1064 2504 1154 2566 rideri

229 2611 360 2654 tanmem
375 2595 483 2654 nivium
497 2613 565 2653 eum
578 2595 667 2654 servis
681 2595 809 2673 fugitivis
819 2595 1088 2654 eommunieaviase.

267 2685 361 2744 LVII.
396 2686 466 2758 Sed,
492 2696 643 2761 postquam
678 2687 708 2744 in
735 2696 830 2744 emtre
862 2687 988 2746 nunnius
1014 2685 1152 2760 pervenit,

228 2773 332 2834 Rome
352 2775 579 2849 conjurationem
599 2775 784 2849 patefactam,
804 2776 841 2832 de
862 2773 997 2846 Lentulo,
1012 2775 1152 2853 Cethego,

228 2862 388 2934 ceterisque
408 2880 481 2935 quos
494 2879 580 2937 supra
605 2863 771 2933 memoravi,
795 2863 969 2938 supplicium
989 2875 1151 2940 sumptum

227 2949 366 3030 plerique,
380 2967 453 3025 quos
475 2951 511 3007 ad
535 2950 642 3008 bellum
666 2969 731 3025 spes
752 2951 928 3025 rapinarum,
944 2961 994 3008 aut
1015 2972 1151 3014 novarum

228 3059 325 3102 rerum
348 3039 475 3101 studium
499 3039 637 3110 illexerat,
661 3039 845 3110 dilabuntur3
876 3041 1002 3117 reliquos
1026 3044 1153 3105 Catilina

226 3149 279 3212 per
297 3131 402 3193 montis
423 3148 547 3208 asperos,
562 3130 675 3208 magnis
695 3129 856 3204 itineribus,
870 3132 900 3190 in
916 3151 1015 3210 ugrum
1035 3135 1152 3196 Pistori·

227 3237 326 3286 ensem
354 3223 481 3295 abducit,
508 3241 545 3280 ee
571 3221 704 3294 oonsilio,
732 3222 774 3282 uti
801 3241 853 3302 per
878 3224 1007 3284 tramites
1037 3226 1153 3286 oeaulte

226 3317 412 3393 perfugerant
426 3315 456 3374 in
476 3315 602 3374 Galliam
622 3313 853 3390 Transalpinam.
893 3315 935 3374 At
954 3315 995 3378 Q.
1016 3315 1152 3380 Metellus
1280 3364 1284 3372 .

228 3405 313 3464 Celer
324 3425 391 3467 eum
403 3406 495 3466 tribus
507 3406 710 3488 legionibusin
725 3425 794 3483 agro
802 3407 913 3466 Pisano
922 3406 1104 3482 presidebat,
1116 3423 1152 3468 ex

227 3491 396 3552 diffiaultata
410 3513 505 3554 rerum
519 3498 620 3555 eadem
635 3498 685 3554 illa
698 3497 883 3566 existumans,
897 3515 962 3572 quaa
975 3515 1061 3572 supra
1080 3497 1152 3558 dim

226 3595 302 3653 nus,
313 3581 469 3642 Catilinam
485 3587 602 3661 agitare.
642 3585 746 3662 Igitur,
760 3585 810 3644 ubi
824 3585 879 3644 iter
892 3586 955 3664 ejus
974 3605 1011 3646 ex
1023 3585 1151 3666 perfugis
