2656 4276
204 332 228 398 Θ
492 346 655 394 sucosru
676 345 839 392 csrrtrss.

205 490 378 572 cognoveris
392 489 423 549 in
435 489 551 550 orbium
564 489 683 548 modum
696 487 898 561 emunaetas,
912 485 1006 546 risere
1025 488 1134 566 templa

205 583 337 657 deorum,
365 601 428 657 qua
455 581 547 640 nostri
573 581 706 658 majores,
733 579 952 657 religiosissumi
986 580 1134 656 mortales,

207 673 311 733 fecere.
352 673 463 732 Verum
477 673 520 732 illi
533 673 655 732 delubra
667 673 787 730 deorum
800 671 918 747 pietate,
939 669 1043 730 domos
1066 689 1135 732 auu

205 765 301 844 gloria
322 764 517 836 decorabant;
551 783 646 838 neque
669 763 754 822 victis
780 761 947 838 quidquam,
968 771 1072 838 prater
1092 763 1134 822 in-

212 858 295 936 juriat
309 858 468 932 licentiam,
482 858 651 935 eripiebant
692 857 734 916 At
757 857 788 914 hi
810 866 921 929 conua,
946 856 1133 934 ignavissumi

207 949 350 1022 homines,
364 968 415 1026 per
429 969 573 1008 summurn
588 949 693 1020 scelus,
714 949 813 1005 omnia
832 965 868 1006 ea
887 947 975 1005 sociis
997 947 1133 1018 adimere,

206 1059 272 1116 quar
298 1040 455 1099 fortissumi
482 1040 535 1096 rh
556 1040 679 1096 victores
699 1037 889 1113 reliquerant:
909 1037 1033 1114 proinde
1052 1035 1134 1114 quasi

207 1130 342 1206 injuriam
357 1131 462 1200 facere,
477 1129 507 1186 id
521 1129 638 1187 demum
652 1138 727 1186 esset
741 1128 862 1204 imperio
876 1129 927 1186 uti.

248 1217 336 1276 XIII.
364 1218 444 1276 Nam
454 1218 524 1292 quid
533 1237 568 1277 ea
576 1235 744 1290 memorem,
756 1237 830 1292 que,
839 1218 896 1276 nisi
910 1217 956 1276 his
966 1216 1016 1292 qui
1026 1217 1135 1290 ridere,

208 1308 318 1370 nemim
332 1309 483 1366 credibilia
496 1319 581 1367 sunt:
603 1309 751 1383 aprivatis
765 1309 962 1383 compluribus
982 1307 1136 1365 subvorsos

208 1408 332 1470 montes,
359 1398 450 1458 maria
476 1408 644 1456 constructa
667 1415 749 1456 esse:
778 1399 883 1474 quibus
907 1397 979 1456 milri
1002 1397 1137 1456 ridentur

207 1488 335 1548 ludibrio
349 1488 437 1548 fuisse
450 1488 576 1559 divitim3
598 1488 714 1565 quippe,
728 1507 800 1563 quas
812 1489 934 1546 honeste
948 1488 1055 1546 habere
1067 1487 1137 1546 lice·

210 1580 269 1654 bat,
295 1580 374 1639 abuti
397 1597 448 1656 per
469 1579 677 1656 turpitudinem
700 1580 900 1654 properabant.
953 1579 1013 1636 Sed
1035 1577 1137 1636 lubido

206 1688 320 1748 gauere,
335 1669 481 1742 ceterique
495 1668 600 1740 cultus,
615 1687 674 1726 non
689 1669 783 1726 minor
804 1669 979 1726 incesserat:
1001 1667 1139 1726 vemendi

210 1777 323 1832 caussa,
344 1768 421 1818 terra
439 1759 569 1833 marique
589 1758 688 1816 omnia
708 1758 878 1833 exquirere;
900 1759 1027 1818 dormire
1045 1759 1137 1835 prius,

211 1869 298 1926 quam
333 1850 428 1909 somni
462 1850 569 1926 cupido
602 1859 699 1920 esset;
734 1868 793 1908 non
828 1849 943 1924 famem,
979 1859 1028 1908 aut
1061 1849 1138 1907 sitim

209 1959 306 2017 neque
326 1941 425 2017 frigus,
446 1959 541 2015 neque
554 1940 753 1998 lassitudinem
765 1940 902 2016 opperiri,
923 1941 975 1997 sed
994 1957 1030 1998 ea
1041 1937 1140 1997 omnis

208 2029 281 2088 luxu
296 2040 474 2104 antecapere.
516 2030 590 2088 Huc
608 2030 800 2106 juventutem,
820 2029 872 2088 ubi
893 2028 1050 2090 familiares
1070 2046 1141 2104 opes

208 2118 388 2191 defecerant,
404 2120 440 2177 ad
464 2118 593 2178 facinora
616 2121 818 2179 incendebant.
866 2120 992 2178 Animus
1013 2120 1141 2178 imbutus

213 2211 297 2270 malis
321 2211 429 2268 artibus
451 2210 529 2267 haud
554 2211 639 2270 facile
658 2211 837 2270 lubidinibus
851 2210 986 2268 carebat:
1015 2225 1052 2266 eo
1072 2225 1140 2282 pro-
1212 2197 1216 2206 ’

213 2299 305 2360 fusius
331 2300 466 2358 omnibus
488 2300 582 2358 modis
608 2303 730 2375 quaestui
758 2314 843 2378 atquc
869 2298 996 2376 sumptui
1023 2297 1142 2358 deditus

211 2401 283 2450 erat.

253 2479 338 2538 XIV.
365 2479 401 2536 In
414 2489 494 2537 tanta
507 2489 624 2555 tamque
644 2493 781 2558 corrupta
800 2483 916 2541 civitate
938 2482 1076 2554 Catilina,
1098 2481 1140 2553 id,

213 2570 291 2647 quod
312 2570 391 2628 factu
415 2570 584 2629 facillimum
609 2583 679 2644 erat,
704 2573 835 2631 omniurn
856 2572 1032 2650 flagitiorum
1054 2581 1141 2647 atque

209 2661 376 2722 facinorum
390 2662 502 2720 circum
515 2681 557 2736 se,
577 2672 723 2739 tamquam
743 2665 923 2740 stipatorum,
944 2672 1073 2722 catervas
1093 2661 1142 2720 hc·

214 2750 307 2812 bebat
349 2751 437 2824 Nam,
447 2753 622 2829 quicumque
636 2755 809 2828 impudicus,
823 2754 944 2824 adulter,
958 2755 1037 2811 bona
1049 2751 1143 2828 patria

214 2840 405 2909 laceraverat;
427 2842 534 2915 quique
549 2843 674 2900 alienum
689 2861 728 2899 aes
747 2841 857 2918 grande
877 2841 1062 2912 conflaverat,
1084 2858 1143 2916 quo

212 2927 356 3006 flagitium
371 2939 419 2986 aut
443 2929 555 2990 facinus
575 2933 747 3000 redimeret3
768 2939 916 3004 praeterea,
937 2945 1039 2986 omnes
1059 2932 1143 3005 undi-

215 3037 271 3096 que
283 3020 445 3097 parricidae,
460 3022 603 3098 sacrilegi,
619 3019 744 3078 convicti
762 3016 890 3095 judiciis,
913 3027 961 3075 aut
980 3036 1034 3094 pro
1055 3019 1142 3080 factis

212 3110 355 3188 judicium
369 3111 519 3183 timentes;
536 3112 571 3170 ad
585 3112 652 3182 hoc,
666 3127 738 3185 quos
752 3127 854 3166 manus
868 3116 953 3183 atque
963 3108 1065 3187 lingua
1077 3128 1142 3188 per·

212 3201 291 3278 jurio
312 3213 361 3262 aut
382 3203 523 3280 sanguine
547 3201 625 3259 civili
649 3200 758 3272 alebat3
778 3209 933 3276 postremo,
948 3218 1049 3260 omnes
1069 3219 1142 3277 quos

214 3288 367 3367 flagitium,
382 3303 504 3372 egestas,
519 3291 655 3350 conscius
670 3291 782 3351 animus
794 3291 975 3370 exagitabat3
996 3292 1028 3350 hi
1039 3291 1142 3352 Catili·

215 3395 261 3440 nae
274 3385 407 3457 proxumi
421 3384 632 3458 familiaresque
645 3394 734 3444 erant.
774 3384 911 3448 Quodsi
931 3382 996 3460 quis
1016 3382 1103 3442 etiarn
1124 3399 1142 3441 a

216 3467 303 3542 culpa
315 3489 423 3528 vacuus
436 3475 467 3531 in
490 3475 647 3535 amicitiam
668 3477 730 3552 ejus
752 3474 902 3544 inciderat,
920 3474 1066 3533 cotidiano
1086 3487 1155 3530 usu.

218 3565 303 3634 atque
316 3557 460 3618 illecebris
473 3563 559 3623 facile
577 3583 630 3640 par
650 3563 809 3639 similisque
829 3562 933 3622 ceteris
953 3563 1139 3624 efficiebatur.
