2682 4268
232 357 275 424 Ω
509 373 676 420 aluums
695 373 879 420 manneus.

231 535 308 580 mam
321 517 427 594 oppido
441 535 545 593 aquam
558 534 622 576 esso
639 533 726 593 supra
741 515 876 589 diximus,
888 515 1021 593 jumenta
1038 531 1160 580 onerata

230 627 267 672 eo
289 609 377 668 modo
401 608 559 668 instructus
580 608 617 668 ad
639 607 766 668 Thalam
786 607 990 684 proiioisoitur.
1032 608 1163 686 Deinde,

230 699 281 760 ubi
295 701 331 760 ad
345 700 374 758 id
387 699 446 760 looi
460 709 588 772 ventum,
602 717 661 776 qno
673 699 811 760 Numidis
823 709 1011 776 preceperat,
1022 709 1052 760 et
1065 711 1163 764 eastra

228 791 324 870 posits
336 791 504 868 munitaque
517 801 594 864 sunt,
604 800 686 849 muta
697 799 816 868 repente
830 789 907 848 caelo
920 790 1008 848 missa
1021 791 1064 850 sis
1077 811 1161 867 aqum

230 882 348 956 dieitur,
361 893 395 941 nt
407 901 444 942 ea
456 883 544 942 modo
556 881 698 942 exereitui
717 881 787 940 satis
802 897 946 958 superque
959 881 1042 940 soret.
1084 881 1163 942 Pru-

230 983 311 1034 terea
343 983 522 1033 commestus
556 991 608 1049 spe
634 972 773 1049 amplior:
801 971 870 1046 qnia
896 970 1045 1043 Numida,
1072 973 1160 1032 sieuti

230 1063 361 1141 plerique
374 1065 404 1123 in
418 1081 493 1122 nova
505 1062 663 1134 deditione,
677 1061 774 1122 officia
787 1061 978 1120 intenderant
1021 1061 1160 1122 Ceterum

230 1153 337 1214 milites
359 1153 500 1230 religione
523 1153 621 1228 pluris
644 1153 736 1230 magis
760 1152 825 1210 usi:
852 1170 946 1227 eaque
968 1171 1015 1210 res
1035 1154 1159 1212 mrrltuut

231 1243 335 1304 ammo
357 1261 459 1302 eorum
478 1242 607 1314 addidit;
628 1261 696 1302 uam
718 1243 773 1302 rati
795 1261 859 1302 sese
880 1243 926 1302 dis
948 1242 1161 1304 immortalibus

230 1351 308 1394 aure
329 1351 401 1392 esse.
442 1333 558 1392 Deinde
577 1343 695 1410 postero
714 1333 772 1407 die,
797 1344 900 1392 eontra
919 1333 1089 1410 opinionem
1107 1334 1159 1394 Ju-

230 1425 354 1504 gurtlre,
367 1425 404 1484 ad
421 1424 548 1484 Thalam
567 1425 747 1501 perveniunt.
788 1423 945 1501 Oppidani,
960 1425 1010 1500 qui
1029 1443 1062 1484 se
1081 1425 1159 1484 loeu-

230 1533 296 1574 rum
310 1516 462 1592 asperitate
476 1515 603 1576 munitos
616 1516 809 1587 crediderant,
819 1533 930 1592 anagnu
944 1526 1030 1590 atque
1043 1516 1160 1577 insolita

231 1623 264 1664 re
283 1607 421 1684 peroulsi,
441 1607 534 1666 nihilo
557 1607 677 1686 segnius
696 1607 804 1666 bellurn
825 1625 946 1684 parare:
967 1607 1044 1666 idem
1068 1607 1159 1666 nonri

232 1694 336 1756 iuuere.

271 1785 414 1848 LXXVI.
443 1787 503 1848 Sed
516 1806 568 1846 rex
579 1787 652 1846 nihil
663 1788 723 1866 jam
736 1787 877 1846 infectum
890 1786 1012 1848 Metello
1026 1789 1159 1862 eredens,

232 1877 338 1954 quippe
356 1879 406 1954 qui
429 1879 537 1951 omnis,
562 1897 651 1951 mma,
672 1879 740 1951 tels,
760 1879 852 1951 loeus,
873 1889 1014 1955 tempora,
1034 1879 1160 1956 denique

130 1967 134 1974 '
232 1978 364 2026 usturam
389 1970 490 2044 ipson,
510 1969 616 2028 esteris
636 1969 860 2044 imperitantem,
874 1969 1017 2028 industria
1038 1969 1159 2042 vieerat,

233 2076 301 2118 euru
321 2059 420 2118 liberis
444 2070 474 2118 et
499 2078 605 2138 magna
626 2070 708 2136 parte
729 2059 861 2135 pecunie
882 2079 919 2120 ex
939 2060 1045 2136 oppido
1069 2070 1158 2120 noeto

232 2148 378 2225 profugit:
398 2169 493 2226 neque
505 2161 606 2227 postes
623 2151 654 2209 in
674 2151 734 2209 ullo
747 2151 814 2209 loeo
828 2151 950 2227 amplius
963 2169 1023 2210 uuo
1038 2151 1096 2224 die,
1111 2160 1158 2210 sut

234 2255 292 2295 una
315 2251 402 2296 noete
425 2250 563 2312 moratus,
587 2240 740 2300 simulabat
763 2259 827 2300 sese
850 2241 960 2318 negotii
982 2241 1075 2318 gratia
1095 2260 1159 2318 pro-

232 2343 333 2403 perare
341 2347 348 2398 ;
370 2338 499 2386 osterum
519 2329 712 2406 proditionem
727 2331 857 2404 timebat,
871 2351 956 2408 quam
971 2332 1061 2391 vitare
1074 2345 1160 2408 posse

234 2417 381 2477 eeleritate
400 2420 539 2494 putabat:
561 2439 628 2480 nam
647 2421 716 2480 talis
735 2423 859 2482 oonsilio
880 2441 932 2499 per
952 2423 1053 2493 otium,
1075 2433 1104 2481 et
1123 2441 1161 2482 ex

233 2510 447 2586 opportunitate
468 2511 542 2588 oapi.
582 2512 624 2570 Ar
645 2511 791 2586 Metellus,
806 2513 856 2572 ubi
879 2514 1038 2592 qpidauos
1059 2513 1161 2590 prelio

234 2602 370 2675 intentos,
392 2601 478 2660 simul
499 2601 637 2680 oppidum
657 2613 687 2662 et
710 2604 855 2680 operibns,
877 2614 906 2664 et
927 2605 994 2663 loeo
1014 2604 1159 2663 munitum

234 2693 321 2766 videt,
334 2693 410 2752 sallo
424 2693 557 2770 fossaque
576 2695 684 2753 maenia
703 2695 902 2754 uirenmvenit.
942 2695 1058 2754 Deinde
1077 2695 1161 2772 jubet

233 2782 308 2843 loeis
328 2802 365 2841 ex
385 2784 474 2858 oopia
488 2803 622 2842 maxume
639 2785 752 2844 idoneis
773 2785 872 2844 vineas
895 2805 989 2863 agere,
1003 2783 1164 2861 (superque

233 2873 296 2948 eas)
313 2889 446 2946 aggerem
465 2873 573 2948 jaoere,
587 2885 617 2931 et
629 2893 714 2950 super
729 2894 863 2952 aggerem
874 2876 1015 2952 impositis
1032 2875 1161 2934 turribus

234 2977 307 3035 opus
320 2969 350 3016 et
370 2960 553 3020 administros
572 2963 668 3021 tutari.
709 2965 820 3024 Contra
840 2967 902 3026 haeo
922 2965 1058 3042 oppidani
1083 2965 1161 3024 sesti·

233 3067 314 3122 nare,
327 3069 448 3126 parare:
469 3069 587 3126 prorsus
608 3054 644 3111 ab
668 3054 796 3130 utrisque
822 3057 895 3115 nihil
919 3057 1062 3132 reliquum
1086 3055 1161 3114 fieri..

233 3140 369 3218 Denique
381 3141 522 3214 Romani,
534 3143 626 3202 mitto
648 3155 714 3202 ante
738 3145 838 3205 labore
858 3146 1021 3224 praeliisque
1036 3145 1158 3224 fatigati,

232 3243 297 3309 post
321 3233 383 3290 dies
409 3233 608 3310 qnadraginta,
635 3253 721 3310 quarn
747 3254 785 3296 eo
809 3247 926 3296 ventum
954 3246 1025 3307 erat,
1052 3235 1161 3312 oppido

233 3323 321 3382 modo
343 3323 446 3398 potiti:
476 3325 575 3397 praeda
601 3326 695 3384 omnis
723 3327 759 3385 ab
785 3327 914 3404 perfugis
941 3335 1085 3401 corrupta.
1134 3325 1160 3384 Ii

232 3423 384 3488 postquam
407 3433 521 3474 murum
546 3415 683 3476 arietibus
704 3417 793 3488 feriri,
815 3435 919 3492 resque
941 3435 1009 3474 suas
1030 3415 1161 3474 adflictas

235 3499 341 3573 rident,
363 3523 464 3562 surum
485 3515 570 3581 atque
591 3517 751 3584 argentum,
773 3517 802 3564 et
824 3507 890 3578 alia,
912 3525 976 3581 qun
996 3505 1090 3581 prima
1109 3504 1162 3564 du-

234 3593 482 3663 enarmonium
504 3597 615 3674 regiam
635 3605 836 3674 oomportaot:
857 3597 898 3656 ibi
922 3597 990 3654 vino
1013 3594 1163 3672 et‘epulis
