2656 4276
507 321 669 366 emncsmr
691 321 851 366 crrmrnr.
1122 306 1144 367 7

219 463 363 524 interdum
378 465 538 522 vindicari:
559 475 635 540 post,
649 466 699 522 ubi
714 464 860 540 contagio,
877 463 958 537 quasi
977 464 1144 540 pestilentia

219 555 335 627 invasit,
344 557 446 612 civitae
460 557 628 625 immutata;
650 557 811 630 imperium,
826 573 862 612 cx
873 555 1042 630 justiseumo
1057 566 1143 631 atque

218 657 344 722 optumo,
359 647 477 704 crudele
491 646 763 720 intolerandumque
776 646 893 703 sactum.

256 737 310 794 XI.
339 737 398 794 Sed
411 737 505 810 primo
517 737 609 812 magis
624 737 752 807 ambitio,
774 755 859 810 quam
881 735 1008 808 avaritie,
1031 737 1142 796 animos

218 825 368 882 hominum
381 827 550 882 exercebat:
572 827 650 900 quod
670 837 767 883 tamen
790 826 893 882 vitium
913 829 1032 901 propius
1055 827 1142 886 virtu·
1171 817 1182 839 ⁸

220 923 278 972 tem
292 924 360 972 erat.
400 915 478 972 Nam
491 916 622 992 gloriam,
643 916 794 986 honorem,
816 917 978 990 imperium,
1000 919 1093 975 bonus
1112 927 1142 975 ct

219 1003 347 1080 ignavus,
362 1024 443 1080 mque
463 1006 519 1063 sibi
539 1015 693 1081 exoptant:
715 1005 840 1064 sedilb
863 1024 932 1062 vera
954 1006 1001 1062 via
1021 1007 1140 1077 nititur3

217 1093 286 1151 huic
299 1096 367 1168 quia
380 1097 463 1154 bone
477 1107 552 1154 artes
565 1098 679 1167 desunt,
694 1097 768 1153 dolir
783 1105 867 1170 atque
881 1095 1004 1153 fallaciis
1024 1107 1142 1154 conten·

217 1184 267 1242 dit.
309 1187 441 1243 Avaritia
454 1187 586 1261 pecunia
601 1187 728 1243 studium
742 1187 838 1256 habet,
853 1204 939 1260 quam
962 1205 1049 1244 nemo
1069 1186 1143 1263 sapi·

217 1292 269 1332 ene
282 1276 466 1349 concupivit:
488 1295 532 1346 ea,
554 1276 635 1348 qnasi
654 1275 774 1332 venenis
793 1275 876 1332 malis
896 1276 1015 1347 imbuta,
1037 1293 1142 1352 corpus

218 1365 404 1438 animumque
411 1365 524 1422 virilem
535 1364 681 1420 effeminat
692 1383 699 1418 :
721 1381 831 1436 semper
842 1364 964 1435 infinita,
973 1365 1143 1423 insatiabilis

218 1461 274 1523 est,
286 1471 383 1526 neque
391 1453 486 1524 copia,
497 1469 593 1524 neque
603 1451 712 1524 inopia,
722 1451 870 1507 minuitur.
913 1453 981 1522 Sed,
994 1463 1144 1526 postquem

220 1541 255 1599 L.
282 1540 373 1610 Sulla,
403 1539 490 1597 armir
516 1548 634 1613 recepta
660 1538 818 1613 republica,
840 1539 924 1597 bonis
944 1541 1035 1597 initiis
1055 1540 1145 1600 malon

210 1639 340 1698 eventus
369 1629 488 1698 habuit3
518 1647 618 1703 rapere
641 1647 751 1700 omnes,
775 1629 897 1700 trahere,
919 1631 1038 1689 domum
1059 1631 1144 1704 alius,

221 1721 294 1780 alius
308 1738 391 1796 agros
406 1738 531 1794 cupere;
546 1737 641 1794 neque
656 1719 783 1790 modum,
795 1723 889 1795 neque
904 1721 1073 1780 modestiam
1087 1723 1145 1782 ric·

220 1821 298 1870 tores
311 1811 427 1882 habere,
442 1810 518 1868 foeda
531 1810 717 1884 crudeliaque
732 1810 762 1866 in
773 1811 885 1868 civibus
895 1811 1026 1868 facinora
1040 1813 1143 1872 facere.

171 1962 173 1967 ,
220 1901 289 1960 Huc
304 1902 471 1972 accedebat,
485 1901 560 1975 quod
572 1901 608 1960 L.
624 1901 706 1958 Sulla
719 1901 887 1972 exercitum,
899 1919 985 1976 quem
999 1902 1029 1959 in
1043 1902 1144 1962 Asiam

219 1991 396 2064 ductaverat,
411 2010 468 2066 quo
482 1991 538 2048 eibi
557 1991 646 2048 fidum
668 1992 785 2062 faceret,
807 2001 908 2049 contra
928 2007 1038 2050 morem
1056 1993 1144 2070 majo·

220 2100 295 2154 rum,
309 2082 455 2139 luxuriose
468 2082 611 2156 nimisque
623 2082 779 2140 liberaliter
792 2082 950 2152 habuerat3
971 2083 1038 2141 loca
1058 2103 1144 2142 amo)-

219 2191 268 2245 na,
296 2172 465 2248 voluptaria,
486 2171 572 2230 facile
599 2172 628 2230 in
655 2173 715 2229 otio
741 2173 852 2230 seroces
878 2173 1002 2231 militum
1030 2175 1143 2240 animos

220 2264 407 2322 molliverant.
447 2263 494 2322 Ibi
511 2263 635 2338 primum
655 2262 779 2322 insuerit
799 2265 943 2322 exercitus
962 2265 1061 2341 populi
1081 2265 1143 2323 Ro·

219 2355 297 2412 mani
317 2371 421 2425 amare,
441 2363 557 2428 potere3
579 2353 670 2429 signa,
692 2353 803 2410 tabulae
826 2354 928 2428 pictae,
951 2373 1020 2412 rasa
1043 2354 1144 2412 caelatc

220 2444 333 2513 mirari;
355 2463 390 2502 ea
401 2443 534 2518 privatim
549 2462 582 2500 ac
595 2443 711 2518 publice
723 2461 842 2518 rapere;
863 2444 984 2502 delubra
997 2443 1121 2519 spoliare
1132 2462 1141 2512 3

220 2553 303 2592 sacra
327 2534 503 2608 profanaque
531 2534 628 2590 omnia
653 2534 791 2608 polluere.
846 2533 940 2606 Igitur
967 2533 998 2588 hi
1024 2533 1141 2601 milites,

220 2633 372 2698 postquam
404 2624 554 2680 victoriam
588 2623 684 2696 adepti
717 2629 794 2690 sunt,
826 2620 898 2675 nihil
929 2619 1033 2691 reliqui
1059 2618 1144 2678 victis

223 2711 328 2770 secere.
380 2711 498 2786 Quippe
524 2711 660 2770 secundae
686 2729 732 2768 res
753 2707 926 2782 sapientium
948 2707 1060 2764 animos
1080 2707 1145 2767 sati·

222 2811 308 2881 gant:
329 2820 366 2859 ne
380 2801 430 2873 illi,
445 2803 586 2878 corruptis
600 2801 737 2872 moribus,
752 2799 880 2857 victorie
894 2809 1095 2876 temperarent.

258 2891 329 2950 XII.
362 2892 516 2967 Postquam
543 2892 650 2950 divitie
676 2889 780 2948 honori
807 2908 870 2948 esee
894 2909 1019 2967 corpere,
1045 2902 1075 2952 et
1094 2909 1145 2950 ear

220 2982 321 3061 gloria,
335 2983 497 3057 imperium,
510 2982 640 3058 potentia
653 2982 825 3055 sequebatur
837 2999 844 3050 ;
866 2981 1023 3039 hebescere
1043 2981 1143 3054 virtue,

219 3083 372 3149 paupertas
383 3076 489 3149 probro
503 3073 612 3143 haberi,
629 3071 797 3130 innocentia
808 3088 862 3144 pro
869 3067 1066 3129 malivolentia
1075 3069 1144 3128 duci

222 3164 316 3238 coepit.
356 3163 459 3240 Igitur,
473 3182 509 3221 ex
522 3163 639 3231 divitiis,
658 3161 838 3236 juventutem
850 3159 965 3216 luxuria
979 3165 1065 3227 atque
1081 3173 1145 3218 ava·

209 3251 287 3312 ,ritia
309 3271 375 3312 cum
398 3254 532 3328 superbia
552 3253 702 3310 invasere:
732 3267 844 3324 rapere,
871 3261 1062 3316 consumer03
1091 3265 1145 3308 rua

218 3345 448 3422 parvipendere,
470 3345 565 3403 aliena
585 3357 709 3415 cuperc;
730 3340 882 3415 pudorem,
902 3336 1082 3412 pudicitiam,
1102 3339 1144 3398 dl·

217 3434 285 3494 rina
299 3436 520 3511 atquehumena
528 3430 704 3510 promiscua,
714 3428 787 3484 nihil
796 3427 889 3501 pensi,
899 3445 994 3503 neque
1003 3427 1143 3489 moderati

217 3523 332 3586 habere.
374 3523 479 3601 Opere
497 3523 623 3602 pretium
644 3527 698 3591 eet,
719 3534 808 3594 quum
832 3516 934 3579 domos
954 3529 1041 3594 atque
1060 3516 1144 3576 villar
