2656 4276
236 351 281 420 50
514 372 679 418 euenere
699 371 883 418 muneres.

236 512 394 574 emieitlem
413 514 513 590 populi
533 513 572 574 n.
587 515 713 588 eoleret;
737 533 795 594 pen
815 511 920 592 qulbus
939 513 1039 594 largiri
1056 515 1165 576 insuee

235 613 330 664 eeret:
350 605 513 682 perieulose
528 605 659 684 epeueis
672 607 740 679 emi,
754 605 832 682 quod
850 606 1005 688 multorum
1025 617 1119 666 esset:
1139 606 1164 666 si

233 713 402 774 permeuere
417 697 504 756 vellet
525 699 555 756 in
575 697 636 756 suis
658 698 776 770 ertibus,
790 697 866 756 ultro
882 697 925 755 illi
944 706 974 755 et
988 697 1122 776 glorium,
1134 706 1164 756 et

233 803 355 863 regnum
381 797 550 859 venturum
584 789 630 847 sin
655 788 856 866 properantius
881 799 1024 866 pergeret,
1051 799 1165 852 suamet

234 875 327 954 ipsum
341 879 467 954 pecunie
479 879 658 955 precipitem
671 879 834 938 eesurnm.’'

273 967 329 1028 lx„
358 969 410 1028 Sie
423 968 548 1042 loeutus,
562 988 630 1030 eum
649 969 754 1028 litteris
767 987 845 1041 enm,
866 987 937 1044 ques
953 967 1086 1044 Mieipsre
1100 967 1163 1028 red·

233 1059 325 1130 deret,
334 1059 459 1118 dimisit:
480 1078 578 1118 eurum
589 1059 733 1118 sententie
743 1059 806 1118 hee
817 1069 886 1116 eret
928 1065 947 1092 “
957 1058 1108 1140 Iugurtha
1118 1058 1160 1118 tui

233 1148 310 1208 hello
323 1149 505 1206 Numentinn
518 1148 605 1224 longe
626 1167 760 1207 maxume
782 1149 872 1206 virtue
894 1148 963 1219 fnit;
991 1167 1077 1224 quem
1101 1167 1160 1208 reru

232 1237 286 1296 tihi
297 1248 377 1296 eerte
389 1238 453 1296 sein
464 1237 572 1314 gendio
586 1256 666 1296 esee:
687 1238 772 1296 nubis
783 1239 821 1296 oh
833 1239 935 1298 merite
945 1257 1091 1301 enecatus
1101 1249 1161 1310 eet;

232 1336 265 1386 nt
273 1326 350 1386 idem
361 1328 474 1386 senatui
483 1337 513 1387 et
520 1327 627 1404 populu
637 1328 776 1386 Remum
786 1329 833 1400 sit,
842 1347 954 1388 summu
962 1347 1017 1406 ope
1025 1330 1159 1388 nitemur.

231 1417 304 1478 Tibi
333 1417 450 1494 quidem
476 1436 529 1494 pro
555 1428 655 1478 nostre
680 1419 810 1478 emieitie
832 1419 980 1496 gratuler:
1008 1437 1046 1476 en
1072 1420 1161 1478 hebes

232 1508 325 1566 virum
338 1509 459 1587 dignum
473 1519 513 1581 te,
529 1519 614 1584 etque
630 1527 682 1568 evo
702 1527 756 1566 sun
770 1508 952 1568 Masinisse'’
994 1508 1087 1587 Igitur
1101 1529 1161 1581 rex,

231 1599 283 1658 uhi
304 1617 349 1671 ee,
370 1619 434 1675 que
459 1599 535 1658 fame
555 1610 716 1676 acceperet,
738 1618 774 1658 ex
795 1598 898 1658 litteris
920 1600 1101 1674 imperatoris
1121 1601 1166 1658 ite

231 1705 295 1746 esse
304 1690 450 1765 cognovit,
461 1707 550 1764 quum
558 1690 673 1762 virtute,
682 1700 743 1749 turn
753 1690 845 1768 gretie
852 1689 905 1746 viri
913 1700 1070 1766 permotus,
1082 1689 1161 1748 flexit

231 1778 359 1838 mimum
373 1797 467 1851 snum,
480 1790 510 1837 et
524 1779 697 1859 Jugurthem
711 1779 860 1838 benefieiis
873 1779 990 1838 vincere
1009 1780 1161 1857 adgressus

230 1879 293 1940 ειη
314 1870 468 1946 statimque
487 1888 554 1929 eum
569 1869 725 1947 edupterit,
738 1879 767 1928 et
780 1879 952 1928 testamento
971 1869 1078 1946 puriter
1092 1888 1158 1940 eum

230 1959 297 2020 filiis
323 1961 459 2020 heredem
486 1960 618 2020 instituit.
660 1961 719 2020 Sed
746 1961 807 2036 ipse
833 1978 943 2035 peneus
969 1971 1033 2036 pust
1057 1979 1160 2033 annos,

229 2051 332 2108 morbo
344 2061 428 2126 utque
438 2059 523 2110 etete
532 2050 694 2123 eunleetus,
709 2068 797 2128 quum
811 2050 867 2108 sibi
880 2050 968 2108 finem
978 2051 1043 2109 vite
1059 2052 1159 2108 edesse

231 2140 422 2219 intellegeret,
436 2158 534 2199 eorem
546 2141 648 2200 emieis
657 2151 685 2200 et
700 2141 843 2218 eognetie,
853 2141 978 2216 itemque
991 2141 1159 2199 Adherbale

229 2239 259 2288 et
273 2228 441 2304 Hiempsale
455 2230 531 2302 tiliis,
542 2231 648 2290 dieitur
659 2231 859 2308 hujuscemodi
873 2232 959 2296 verbe
972 2249 1038 2293 uum
1053 2231 1159 2310 Jugur·

228 2318 279 2376 the
299 2318 442 2377 hebuisse.

268 2407 308 2467 X.
336 2409 730 2488 “Perrnmegn,1ugnrthe,
744 2421 784 2485 te,
799 2413 905 2472 emisse
917 2422 1008 2488 petre,
1022 2411 1086 2470 sine
1096 2431 1157 2488 spe,

228 2499 291 2558 sine
315 2499 428 2575 opibus,
450 2499 481 2558 in
502 2519 597 2560 meum
619 2520 741 2578 regnum
763 2504 879 2578 eeeepi3
900 2503 1077 2562 existumem
1097 2521 1157 2562 non

228 2589 325 2650 minus
345 2608 392 2650 me
413 2591 465 2650 tibi
485 2610 571 2668 quum
593 2592 701 2664 liberis,
719 2595 742 2650 si
765 2594 939 2670 genuissem,
954 2593 992 2649 ob
1015 2593 1157 2654 beneficis

228 2700 328 2743 etrum
345 2681 421 2744 inre:
446 2701 540 2758 neque
561 2703 596 2742 ee
616 2701 662 2741 res
682 2683 784 2741 felium
805 2702 853 2743 me
873 2683 981 2758 hebuit
1022 2682 1111 2755 Num,
1125 2692 1156 2740 ut

228 2772 286 2830 elie
305 2792 411 2848 magne
430 2783 459 2830 et
479 2774 597 2852 egregie
616 2782 667 2830 tue
686 2773 827 2844 omittam,
847 2774 1022 2845 novissume,
1042 2773 1157 2832 rediens

226 2859 398 2930 Numantia,
413 2879 516 2934 meque
535 2879 714 2936 regnumque
734 2879 830 2919 meum
850 2863 943 2937 glorie
959 2863 1155 2922 honoravisti:

226 2957 334 3021 tueque
347 2948 452 3006 virtute
466 2949 550 3008 nobie
564 2948 716 3007 Romanos
729 2967 765 3006 ex
779 2949 881 3008 emieis
894 2951 1096 3012 amicissumos
1116 2952 1156 3010 se·

227 3036 310 3098 eistit
326 3037 355 3096 iu
365 3037 507 3114 Hispania
515 3056 619 3096 nomen
627 3037 741 3096 seruilie
751 3050 917 3098 renovnmru
927 3051 987 3100 est:
998 3053 1154 3119 postremo,

225 3121 303 3206 quud
316 3128 526 3188 difficillumum
547 3128 622 3186 inter
636 3129 775 3202 mortalis,
789 3130 883 3207 glorie
896 3113 1033 3190 invidiam
1050 3131 1152 3192 vicisti.

225 3217 327 3294 Nune,
346 3219 483 3298 quonium
503 3219 575 3278 mihi
595 3230 699 3278 nature
718 3219 805 3280 finem
826 3221 891 3280 rite
912 3221 991 3294 feeit,
1005 3240 1057 3298 per
1078 3223 1154 3282 hene

224 3309 365 3384 dextrum,
379 3330 430 3388 per
444 3310 527 3389 regni
540 3309 626 3372 tidem
644 3328 750 3369 moneo
763 3313 956 3388 obtestorque,
971 3312 1012 3369 uti
1026 3313 1090 3386 hos,
1104 3311 1155 3388 qui

224 3398 278 3456 tibi
298 3417 406 3476 genere
426 3401 589 3478 propinqui,
603 3401 746 3460 beneficio
767 3421 832 3461 meo
853 3403 955 3462 fratres
976 3413 1052 3474 sunt,
1069 3419 1154 3468 eeros

224 3483 346 3557 hehees3
379 3509 436 3548 neu
460 3491 545 3550 melis
572 3491 681 3550 alienos
707 3491 874 3568 adjungere,
900 3510 985 3567 quem
1011 3491 1153 3570 sunguine

225 3573 398 3652 eonjuuesoe
410 3577 544 3638 retinere.
583 3579 654 3640 Neu
667 3579 821 3654 exereitus,
834 3597 929 3656 neque
942 3581 1070 3642 thaeuri
1082 3599 1156 3660 pre*
