2656 4276
202 303 247 370 69
482 319 645 366 smcsnn
667 319 847 367 manarat,

203 464 279 526 entis
302 451 444 535 manibus,
466 463 584 522 immani
605 463 732 536 avaritia,
753 459 971 532 nocentissumi,
993 458 1129 536 idemque

202 552 427 630 superbissumi3
448 554 553 628 quibus
566 553 647 624 fides,
662 553 760 624 decus,
781 553 883 627 pietas,
906 561 1054 626 postremo
1080 551 1129 610 ho

203 653 287 702 nesta
302 653 386 718 atque
397 644 549 700 inhonesta
562 643 660 699 omnia
679 642 800 717 questui
820 651 895 699 sunt.
937 640 1008 698 Pars
1028 659 1128 698 corum

203 734 347 792 occidisse
355 734 485 791 tribunos
498 732 600 808 plebis,
614 732 662 789 alii
673 733 845 807 quaestiones
856 731 986 806 injustas,
999 730 1129 805 plerique

204 824 315 881 caedem
328 824 358 882 in
372 841 423 880 ros
437 823 550 893 fecisse,
564 840 616 898 pro
630 823 810 880 munimento
824 821 939 878 habent.
981 820 1028 878 Ita
1041 839 1127 895 quam

203 915 326 989 quisque
345 933 479 988 pessume
499 914 577 984 lecit,
598 923 656 970 tam
677 931 812 970 maxume
832 921 911 969 tutus
932 921 995 968 est:
1020 921 1129 970 metum

206 1004 354 1062 {scelere
373 1023 427 1060 suo
455 1003 656 1078 ad*ignaviam
683 1012 806 1059 vestram
833 1003 1031 1074 transtulerep
1058 1017 1129 1076 quos

205 1095 299 1152 omnis
319 1095 420 1150 eadem
441 1111 556 1166 cupere,
577 1091 678 1148 eadem
699 1091 804 1163 odisse,
825 1093 925 1149 eadem
948 1101 1077 1149 metuere
1099 1093 1127 1149 in

204 1201 294 1242 unum
315 1183 432 1259 coligit:
454 1181 503 1238 sed
525 1182 587 1238 hec
602 1182 676 1238 inter
690 1183 782 1240 bonos
796 1182 934 1252 amicitia,
949 1181 1024 1239 inter
1038 1182 1129 1242 malos

205 1271 293 1330 factio
313 1282 364 1330 est.
404 1271 496 1333 Quod
516 1271 540 1328 si
560 1281 619 1328 tum
639 1290 689 1328 vos
703 1273 844 1330 libertatis
858 1291 958 1328 curam
972 1272 1127 1343 haberetis,

205 1380 290 1437 quam
305 1362 346 1418 illi
362 1362 396 1420 ad
411 1362 637 1420 dominationem
651 1363 767 1420 accensi
782 1372 867 1432 sunt;
888 1362 1022 1436 prolecto
1036 1379 1129 1436 neque

205 1452 396 1528 respublica,
418 1452 503 1509 sicuti
523 1471 612 1523 nunc,
634 1462 801 1523 vastaretur,
822 1461 851 1510 et
871 1451 1014 1509 beneficia
1034 1461 1128 1508 vestra

204 1560 294 1620 penes
320 1553 462 1617 optumos,
489 1561 549 1600 non
584 1543 808 1613 audacissumos,
843 1541 945 1599 forent.
1002 1541 1129 1617 Majores

206 1634 301 1704 vestri,
315 1633 434 1707 parandi
446 1633 518 1708 juris
532 1643 560 1690 et
574 1632 729 1708 majestatis
740 1632 949 1689 constituendae
963 1632 1066 1708 gratia,
1075 1631 1128 1702 bis,

205 1741 256 1798 per
276 1723 479 1793 secessionem,
495 1723 595 1780 armati
610 1722 786 1779 Aventinum
801 1740 999 1796 occupavere:
1015 1741 1066 1779 ros
1079 1738 1130 1798 pro

206 1813 346 1884 libertate,
368 1833 453 1888 quam
481 1815 516 1870 ab
536 1813 593 1870 illis
620 1813 781 1888 accepistis,
809 1831 907 1870 nonne
934 1830 1047 1869 summa
1073 1829 1128 1887 ope

206 1903 361 1962 niteminil
383 1915 467 1978 atque
487 1921 523 1961 eo
536 1903 742 1974 vehementius,
757 1920 815 1975 quo
828 1902 921 1977 majus
936 1903 1064 1960 dedecus
1078 1913 1129 1973 est,

206 2004 288 2069 parta
315 1994 453 2065 amittere,
480 2012 565 2068 quam
592 1993 711 2050 omnino
737 2011 796 2048 non
829 1992 997 2066 paravisset
1043 1993 1130 2051 Dicet

207 2083 320 2157 aliquis,
338 2085 421 2144 Quid
441 2084 529 2160 igitur
550 2085 671 2141 censesl
711 2082 927 2140 Vindicandum
949 2083 979 2140 in
1000 2102 1060 2155 eos,
1083 2083 1129 2158 qui

208 2172 283 2229 hosti
297 2174 448 2246 prodidere
463 2174 687 2246 rempublicam:
709 2191 767 2230 non
782 2191 879 2244 manu,
894 2191 987 2248 neque
1001 2173 1039 2244 vi,
1055 2172 1130 2246 quod

207 2261 300 2337 magis
308 2279 357 2317 vos
367 2262 479 2332 fecisse,
488 2280 573 2335 quam
582 2263 638 2319 illis
651 2263 790 2320 accidisse
800 2263 950 2340 indignum
959 2272 1017 2332 est3
1032 2281 1130 2320 verum

208 2352 413 2428 questionibus
427 2361 456 2408 et
476 2352 585 2409 indicio
605 2353 694 2428 ipsius
715 2352 882 2430 Jugurthae:
904 2354 962 2428 qui,
983 2354 1007 2410 si
1030 2353 1130 2410 dediti·

208 2443 271 2502 cius
298 2453 350 2514 est,
376 2442 506 2518 prolecto
524 2443 611 2519 jussis
634 2444 735 2500 vestris
759 2445 897 2501 obediens
924 2445 997 2501 erit:
1027 2445 1072 2501 sin
1098 2461 1131 2501 ea

208 2534 376 2605 contemnit,
404 2535 516 2592 scilicet
542 2535 760 2606 existumabitis,
789 2535 881 2608 qualis
908 2532 958 2592 illa
983 2553 1050 2610 pax,
1084 2544 1131 2593 aut

207 2625 376 2697 deditiosit,
391 2645 427 2683 ex
440 2645 497 2699 qua
511 2625 545 2682 ad
560 2624 578 2680 J
580 2625 733 2701 ugurtham
747 2625 888 2682 scelerum
911 2625 1075 2700 impunitas,
1097 2623 1131 2682 ad

206 2733 316 2792 paucos
329 2716 453 2789 potentis
468 2733 606 2773 maxume
622 2715 737 2786 divitie,
753 2715 782 2771 in
802 2715 1008 2789 rempublicam
1030 2715 1133 2771 damna

208 2814 294 2877 atque
314 2804 457 2860 dedecora
476 2803 667 2878 pervenerint.
708 2803 775 2860 Nisi
798 2804 871 2861 forte
893 2805 1022 2862 nondum
1046 2805 1131 2863 etiam

208 2907 260 2950 vos
273 2891 477 2948 dominationis
491 2910 589 2948 eorum
604 2893 718 2951 satietas
732 2903 821 2965 tenet,
836 2905 865 2952 et
879 2893 937 2967 illa,
960 2913 1046 2969 quam
1071 2895 1132 2952 bec

208 2990 348 3056 tempora,
363 2981 454 3057 magis
473 2981 600 3056 placent,
621 3001 710 3056 quum
729 3001 829 3060 regna,
853 2985 1020 3061 provincie,
1044 2986 1131 3062 leges,

206 3090 281 3150 Jura,
302 3071 421 3148 judicia,
442 3071 517 3128 bella
531 3081 615 3146 atque
637 3091 735 3148 paces,
753 3083 898 3150 postremo
918 3075 1015 3132 divina
1033 3085 1063 3132 et
1084 3073 1133 3131 hu·

209 3181 295 3222 mana
315 3163 412 3220 omnia
433 3181 522 3238 penes
542 3181 651 3237 paucos
675 3173 774 3233 erant;
796 3182 848 3221 vos
874 3174 979 3235 autem,
1001 3166 1059 3222 hoc
1080 3172 1132 3234 est,

209 3253 333 3328 populus
352 3252 514 3324 Romanus,
530 3253 630 3310 invicti
651 3254 687 3310 ab
709 3254 849 3326 hostibus,
870 3255 1057 3330 imperatores
1077 3271 1135 3311 orn·

210 3341 289 3401 nium
318 3344 457 3418 gentium,
481 3343 550 3400 satis
573 3344 721 3402 habebatis
747 3344 870 3402 animam
894 3345 1037 3402 retinere:
1067 3359 1135 3403 nam

210 3431 374 3488 servitutem
389 3433 504 3505 quidem
516 3434 580 3506 quis
591 3444 715 3491 restrum
726 3451 860 3513 recusare
872 3434 1015 3492 audebat‘l
1044 3431 1135 3508 Atqui

209 3534 276 3596 ego,
289 3527 386 3578 tamen
405 3521 459 3578 etsi
481 3522 543 3580 viro
564 3522 828 3602 flagitiosissumum
852 3523 996 3586 existumo
1017 3523 1136 3604 impuno
