<?xml version="1.0" encoding="UTF-8"?>
<!DOCTYPE html PUBLIC "-//W3C//DTD XHTML 1.0 Transitional//EN"
    "http://www.w3.org/TR/xhtml1/DTD/xhtml1-transitional.dtd">
<html xmlns="http://www.w3.org/1999/xhtml" xml:lang="en" lang="en">
 <head>
  <title>
</title>
<meta http-equiv="Content-Type" content="text/html;charset=utf-8" />
  <meta name='ocr-system' content='tesseract 3.04.00' />
  <meta name='ocr-capabilities' content='ocr_page ocr_carea ocr_par ocr_line ocrx_word'/>
</head>
<body>
  <div class='ocr_page' id='page_1' title='image "./caiicrispisallu01sallgoog_0106.png"; bbox 0 0 2656 4276; ppageno 0'>
   <div class='ocr_carea' id='block_1_1' title="bbox 219 329 868 400">
    <p class='ocr_par' dir='ltr' id='par_1_1' title="bbox 219 329 868 400">
     <span class='ocr_line' id='line_1_1' title="bbox 219 329 868 400; baseline -0.009 -7"><span class='ocrx_word' id='word_1_1' title='bbox 219 329 266 400; x_wconf 60' lang='grc' dir='ltr'>Β</span> <span class='ocrx_word' id='word_1_2' title='bbox 497 345 665 390; x_wconf 74' lang='lat' dir='ltr'>smuosmr</span> <span class='ocrx_word' id='word_1_3' title='bbox 686 343 868 388; x_wconf 75' lang='lat' dir='ltr'>marauna.</span> 
     </span>
    </p>
   </div>
   <div class='ocr_carea' id='block_1_2' title="bbox 216 485 1152 1113">
    <p class='ocr_par' dir='ltr' id='par_1_2' title="bbox 218 485 1152 654">
     <span class='ocr_line' id='line_1_2' title="bbox 218 485 1152 566; baseline -0.001 -18"><span class='ocrx_word' id='word_1_4' title='bbox 218 507 286 554; x_wconf 73' lang='lat' dir='ltr'>sese</span> <span class='ocrx_word' id='word_1_5' title='bbox 306 488 425 566; x_wconf 84' lang='lat' dir='ltr'>reeepit</span> <span class='ocrx_word' id='word_1_6' title='bbox 466 487 614 560; x_wconf 76' lang='lat' dir='ltr'>Metellus,</span> <span class='ocrx_word' id='word_1_7' title='bbox 635 486 743 546; x_wconf 81' lang='lat' dir='ltr'>insueto</span> <span class='ocrx_word' id='word_1_8' title='bbox 766 485 894 564; x_wconf 74' lang='lat' dir='ltr'>negotio,</span> <span class='ocrx_word' id='word_1_9' title='bbox 914 493 1071 562; x_wconf 56' lang='lat' dir='ltr'>proquam</span> <span class='ocrx_word' id='word_1_10' title='bbox 1094 499 1152 547; x_wconf 68' lang='lat' dir='ltr'>aot</span> 
     </span>
     <span class='ocr_line' id='line_1_3' title="bbox 219 577 885 654; baseline -0.014 -11"><span class='ocrx_word' id='word_1_11' title='bbox 219 581 331 654; x_wconf 83' lang='lat' dir='ltr'>aderat,</span> <span class='ocrx_word' id='word_1_12' title='bbox 345 583 376 640; x_wconf 89' lang='lat' dir='ltr'>iu</span> <span class='ocrx_word' id='word_1_13' title='bbox 390 589 485 640; x_wconf 73' lang='lat' dir='ltr'>outra</span> <span class='ocrx_word' id='word_1_14' title='bbox 497 597 566 638; x_wconf 83' lang='lat' dir='ltr'>eum</span> <span class='ocrx_word' id='word_1_15' title='bbox 577 579 709 638; x_wconf 81' lang='lat' dir='ltr'>eaeroitu</span> <span class='ocrx_word' id='word_1_16' title='bbox 722 577 885 636; x_wconf 77' lang='lat' dir='ltr'>revortitur.</span> 
     </span>
    </p>

    <p class='ocr_par' dir='ltr' id='par_1_3' title="bbox 216 667 1150 1113">
     <span class='ocr_line' id='line_1_4' title="bbox 259 667 1150 750; baseline -0.004 -17"><span class='ocrx_word' id='word_1_17' title='bbox 259 673 340 733; x_wconf 79' lang='lat' dir='ltr'>ux.</span> <span class='ocrx_word' id='word_1_18' title='bbox 361 672 455 750; x_wconf 77' lang='lat' dir='ltr'>Igitur</span> <span class='ocrx_word' id='word_1_19' title='bbox 468 681 585 748; x_wconf 87' lang='lat' dir='ltr'>postero</span> <span class='ocrx_word' id='word_1_20' title='bbox 597 671 655 743; x_wconf 89' lang='lat' dir='ltr'>die,</span> <span class='ocrx_word' id='word_1_21' title='bbox 669 669 847 747; x_wconf 75' lang='lat' dir='ltr'>priusquam</span> <span class='ocrx_word' id='word_1_22' title='bbox 866 667 903 726; x_wconf 92' lang='lat' dir='ltr'>ad</span> <span class='ocrx_word' id='word_1_23' title='bbox 922 668 1150 745; x_wconf 58' lang='lat' dir='ltr'>oppugnanda</span> 
     </span>
     <span class='ocr_line' id='line_1_5' title="bbox 216 759 1150 844; baseline -0.006 -20"><span class='ocrx_word' id='word_1_24' title='bbox 216 765 417 844; x_wconf 71' lang='lat' dir='ltr'>egrederetur,</span> <span class='ocrx_word' id='word_1_25' title='bbox 431 764 590 839; x_wconf 86' lang='lat' dir='ltr'>equitatum</span> <span class='ocrx_word' id='word_1_26' title='bbox 605 781 720 820; x_wconf 84' lang='lat' dir='ltr'>omnem</span> <span class='ocrx_word' id='word_1_27' title='bbox 736 761 765 819; x_wconf 90' lang='lat' dir='ltr'>iu</span> <span class='ocrx_word' id='word_1_28' title='bbox 777 779 815 819; x_wconf 89' lang='lat' dir='ltr'>ea</span> <span class='ocrx_word' id='word_1_29' title='bbox 834 769 925 837; x_wconf 83' lang='lat' dir='ltr'>perte,</span> <span class='ocrx_word' id='word_1_30' title='bbox 940 777 997 834; x_wconf 90' lang='lat' dir='ltr'>qua</span> <span class='ocrx_word' id='word_1_31' title='bbox 1010 759 1088 836; x_wconf 84' lang='lat' dir='ltr'>regis</span> <span class='ocrx_word' id='word_1_32' title='bbox 1101 759 1150 818; x_wconf 90' lang='lat' dir='ltr'>ad-</span> 
     </span>
     <span class='ocr_line' id='line_1_6' title="bbox 220 853 1150 932; baseline -0.008 -18"><span class='ocrx_word' id='word_1_33' title='bbox 220 866 324 914; x_wconf 84' lang='lat' dir='ltr'>rentus</span> <span class='ocrx_word' id='word_1_34' title='bbox 336 865 409 927; x_wconf 85' lang='lat' dir='ltr'>erat,</span> <span class='ocrx_word' id='word_1_35' title='bbox 419 873 472 932; x_wconf 94' lang='lat' dir='ltr'>pro</span> <span class='ocrx_word' id='word_1_36' title='bbox 487 855 589 914; x_wconf 83' lang='lat' dir='ltr'>eastris</span> <span class='ocrx_word' id='word_1_37' title='bbox 610 855 718 932; x_wconf 80' lang='lat' dir='ltr'>agitare</span> <span class='ocrx_word' id='word_1_38' title='bbox 735 853 834 930; x_wconf 85' lang='lat' dir='ltr'>jubet:</span> <span class='ocrx_word' id='word_1_39' title='bbox 854 861 952 928; x_wconf 87' lang='lat' dir='ltr'>portas</span> <span class='ocrx_word' id='word_1_40' title='bbox 965 860 996 908; x_wconf 88' lang='lat' dir='ltr'>et</span> <span class='ocrx_word' id='word_1_41' title='bbox 1009 867 1150 926; x_wconf 86' lang='lat' dir='ltr'>proxuma</span> 
     </span>
     <span class='ocr_line' id='line_1_7' title="bbox 216 941 1147 1022; baseline -0.01 -16"><span class='ocrx_word' id='word_1_42' title='bbox 216 947 288 1007; x_wconf 89' lang='lat' dir='ltr'>loea</span> <span class='ocrx_word' id='word_1_43' title='bbox 308 947 432 1005; x_wconf 88' lang='lat' dir='ltr'>tribunis</span> <span class='ocrx_word' id='word_1_44' title='bbox 451 947 599 1022; x_wconf 89' lang='lat' dir='ltr'>dispertit:</span> <span class='ocrx_word' id='word_1_45' title='bbox 620 946 727 1002; x_wconf 88' lang='lat' dir='ltr'>deinde</span> <span class='ocrx_word' id='word_1_46' title='bbox 747 945 809 1020; x_wconf 90' lang='lat' dir='ltr'>ipse</span> <span class='ocrx_word' id='word_1_47' title='bbox 827 943 923 1020; x_wconf 82' lang='lat' dir='ltr'>pergit</span> <span class='ocrx_word' id='word_1_48' title='bbox 944 941 980 999; x_wconf 88' lang='lat' dir='ltr'>ad</span> <span class='ocrx_word' id='word_1_49' title='bbox 999 941 1147 1017; x_wconf 84' lang='lat' dir='ltr'>oppidum,</span> 
     </span>
     <span class='ocr_line' id='line_1_8' title="bbox 221 1031 1148 1113; baseline -0.009 -15"><span class='ocrx_word' id='word_1_50' title='bbox 221 1047 318 1113; x_wconf 84' lang='lat' dir='ltr'>atque,</span> <span class='ocrx_word' id='word_1_51' title='bbox 343 1048 374 1096; x_wconf 88' lang='lat' dir='ltr'>ut</span> <span class='ocrx_word' id='word_1_52' title='bbox 397 1039 546 1109; x_wconf 77' lang='lat' dir='ltr'>superiore</span> <span class='ocrx_word' id='word_1_53' title='bbox 569 1037 626 1108; x_wconf 91' lang='lat' dir='ltr'>die,</span> <span class='ocrx_word' id='word_1_54' title='bbox 654 1053 768 1093; x_wconf 89' lang='lat' dir='ltr'>murum</span> <span class='ocrx_word' id='word_1_55' title='bbox 796 1034 971 1111; x_wconf 83' lang='lat' dir='ltr'>adgreditur.</span> <span class='ocrx_word' id='word_1_56' title='bbox 1026 1031 1148 1090; x_wconf 77' lang='lat' dir='ltr'>Interim</span> 
     </span>
    </p>
   </div>
   <div class='ocr_carea' id='block_1_3' title="bbox 210 1123 1147 3654">
    <p class='ocr_par' dir='ltr' id='par_1_4' title="bbox 217 1123 1147 1840">
     <span class='ocr_line' id='line_1_9' title="bbox 220 1123 1147 1207; baseline -0.01 -18"><span class='ocrx_word' id='word_1_57' title='bbox 220 1130 412 1207; x_wconf 73' lang='lat' dir='ltr'>tugurium</span> <span class='ocrx_word' id='word_1_58' title='bbox 421 1127 539 1185; x_wconf 84' lang='lat' dir='ltr'>oooulto</span> <span class='ocrx_word' id='word_1_59' title='bbox 547 1136 665 1202; x_wconf 89' lang='lat' dir='ltr'>repente</span> <span class='ocrx_word' id='word_1_60' title='bbox 676 1137 791 1183; x_wconf 86' lang='lat' dir='ltr'>nostros</span> <span class='ocrx_word' id='word_1_61' title='bbox 802 1125 927 1182; x_wconf 88' lang='lat' dir='ltr'>invadit:</span> <span class='ocrx_word' id='word_1_62' title='bbox 946 1123 995 1199; x_wconf 93' lang='lat' dir='ltr'>qui</span> <span class='ocrx_word' id='word_1_63' title='bbox 1007 1124 1037 1180; x_wconf 91' lang='lat' dir='ltr'>in</span> <span class='ocrx_word' id='word_1_64' title='bbox 1045 1140 1147 1198; x_wconf 87' lang='lat' dir='ltr'>proxu-</span> 
     </span>
     <span class='ocr_line' id='line_1_10' title="bbox 218 1213 1147 1293; baseline -0.008 -15"><span class='ocrx_word' id='word_1_65' title='bbox 218 1237 269 1279; x_wconf 89' lang='lat' dir='ltr'>mo</span> <span class='ocrx_word' id='word_1_66' title='bbox 282 1219 369 1278; x_wconf 85' lang='lat' dir='ltr'>loeati</span> <span class='ocrx_word' id='word_1_67' title='bbox 384 1219 506 1290; x_wconf 83' lang='lat' dir='ltr'>luerent,</span> <span class='ocrx_word' id='word_1_68' title='bbox 521 1217 676 1293; x_wconf 75' lang='lat' dir='ltr'>paullisper</span> <span class='ocrx_word' id='word_1_69' title='bbox 689 1217 781 1274; x_wconf 88' lang='lat' dir='ltr'>territi</span> <span class='ocrx_word' id='word_1_70' title='bbox 801 1215 1024 1291; x_wconf 88' lang='lat' dir='ltr'>perturbantur;</span> <span class='ocrx_word' id='word_1_71' title='bbox 1045 1213 1147 1288; x_wconf 88' lang='lat' dir='ltr'>reliqui</span> 
     </span>
     <span class='ocr_line' id='line_1_11' title="bbox 220 1305 1147 1383; baseline -0.008 -13"><span class='ocrx_word' id='word_1_72' title='bbox 220 1310 280 1370; x_wconf 87' lang='lat' dir='ltr'>oito</span> <span class='ocrx_word' id='word_1_73' title='bbox 294 1309 475 1368; x_wconf 80' lang='lat' dir='ltr'>subveniunt.</span> <span class='ocrx_word' id='word_1_74' title='bbox 517 1308 622 1383; x_wconf 83' lang='lat' dir='ltr'>Neque</span> <span class='ocrx_word' id='word_1_75' title='bbox 632 1308 742 1365; x_wconf 92' lang='lat' dir='ltr'>diutius</span> <span class='ocrx_word' id='word_1_76' title='bbox 755 1307 891 1364; x_wconf 73' lang='lat' dir='ltr'>Numidas</span> <span class='ocrx_word' id='word_1_77' title='bbox 902 1305 1035 1363; x_wconf 85' lang='lat' dir='ltr'>resistere</span> <span class='ocrx_word' id='word_1_78' title='bbox 1044 1307 1147 1380; x_wconf 85' lang='lat' dir='ltr'>quiria-</span> 
     </span>
     <span class='ocr_line' id='line_1_12' title="bbox 219 1398 1147 1476; baseline -0.004 -17"><span class='ocrx_word' id='word_1_79' title='bbox 219 1411 294 1474; x_wconf 89' lang='lat' dir='ltr'>sent‚</span> <span class='ocrx_word' id='word_1_80' title='bbox 306 1402 337 1458; x_wconf 90' lang='lat' dir='ltr'>ui</span> <span class='ocrx_word' id='word_1_81' title='bbox 350 1401 462 1476; x_wconf 77' lang='lat' dir='ltr'>pedites</span> <span class='ocrx_word' id='word_1_82' title='bbox 483 1419 550 1458; x_wconf 85' lang='lat' dir='ltr'>euru</span> <span class='ocrx_word' id='word_1_83' title='bbox 572 1399 716 1476; x_wconf 89' lang='lat' dir='ltr'>equitibus</span> <span class='ocrx_word' id='word_1_84' title='bbox 733 1399 866 1474; x_wconf 82' lang='lat' dir='ltr'>permixti</span> <span class='ocrx_word' id='word_1_85' title='bbox 884 1415 1020 1474; x_wconf 83' lang='lat' dir='ltr'>magnam</span> <span class='ocrx_word' id='word_1_86' title='bbox 1034 1398 1147 1455; x_wconf 73' lang='lat' dir='ltr'>cladem</span> 
     </span>
     <span class='ocr_line' id='line_1_13' title="bbox 219 1488 1146 1570; baseline -0.006 -19"><span class='ocrx_word' id='word_1_87' title='bbox 219 1492 251 1552; x_wconf 88' lang='lat' dir='ltr'>iu</span> <span class='ocrx_word' id='word_1_88' title='bbox 266 1511 425 1570; x_wconf 83' lang='lat' dir='ltr'>eongressu</span> <span class='ocrx_word' id='word_1_89' title='bbox 446 1492 589 1549; x_wconf 74' lang='lat' dir='ltr'>lacerent:</span> <span class='ocrx_word' id='word_1_90' title='bbox 610 1490 714 1564; x_wconf 90' lang='lat' dir='ltr'>quibus</span> <span class='ocrx_word' id='word_1_91' title='bbox 735 1489 776 1546; x_wconf 90' lang='lat' dir='ltr'>illi</span> <span class='ocrx_word' id='word_1_92' title='bbox 795 1489 872 1558; x_wconf 76' lang='lat' dir='ltr'>freti,</span> <span class='ocrx_word' id='word_1_93' title='bbox 887 1506 955 1559; x_wconf 86' lang='lat' dir='ltr'>nou,</span> <span class='ocrx_word' id='word_1_94' title='bbox 971 1497 1003 1546; x_wconf 88' lang='lat' dir='ltr'>ut</span> <span class='ocrx_word' id='word_1_95' title='bbox 1020 1488 1146 1562; x_wconf 85' lang='lat' dir='ltr'>equestri</span> 
     </span>
     <span class='ocr_line' id='line_1_14' title="bbox 218 1579 1147 1660; baseline -0.005 -19"><span class='ocrx_word' id='word_1_96' title='bbox 218 1584 319 1660; x_wconf 82' lang='lat' dir='ltr'>praelio</span> <span class='ocrx_word' id='word_1_97' title='bbox 333 1583 416 1653; x_wconf 87' lang='lat' dir='ltr'>solet,</span> <span class='ocrx_word' id='word_1_98' title='bbox 430 1583 522 1658; x_wconf 87' lang='lat' dir='ltr'>sequi,</span> <span class='ocrx_word' id='word_1_99' title='bbox 535 1581 605 1639; x_wconf 89' lang='lat' dir='ltr'>dein</span> <span class='ocrx_word' id='word_1_100' title='bbox 625 1581 745 1650; x_wconf 85' lang='lat' dir='ltr'>eedere3</span> <span class='ocrx_word' id='word_1_101' title='bbox 767 1580 818 1636; x_wconf 88' lang='lat' dir='ltr'>sed</span> <span class='ocrx_word' id='word_1_102' title='bbox 839 1579 966 1636; x_wconf 79' lang='lat' dir='ltr'>advorsis</span> <span class='ocrx_word' id='word_1_103' title='bbox 982 1580 1066 1654; x_wconf 86' lang='lat' dir='ltr'>equis</span> <span class='ocrx_word' id='word_1_104' title='bbox 1080 1597 1147 1637; x_wconf 90' lang='lat' dir='ltr'>oon·</span> 
     </span>
     <span class='ocr_line' id='line_1_15' title="bbox 219 1668 1146 1749; baseline -0.004 -18"><span class='ocrx_word' id='word_1_105' title='bbox 219 1691 346 1745; x_wconf 78' lang='lat' dir='ltr'>(tumere,</span> <span class='ocrx_word' id='word_1_106' title='bbox 369 1673 518 1749; x_wconf 77' lang='lat' dir='ltr'>implicare</span> <span class='ocrx_word' id='word_1_107' title='bbox 550 1691 585 1729; x_wconf 83' lang='lat' dir='ltr'>ae</span> <span class='ocrx_word' id='word_1_108' title='bbox 615 1672 782 1746; x_wconf 87' lang='lat' dir='ltr'>perturbare</span> <span class='ocrx_word' id='word_1_109' title='bbox 804 1671 913 1740; x_wconf 79' lang='lat' dir='ltr'>aeiem3</span> <span class='ocrx_word' id='word_1_110' title='bbox 944 1668 985 1728; x_wconf 88' lang='lat' dir='ltr'>ita</span> <span class='ocrx_word' id='word_1_111' title='bbox 1005 1670 1146 1746; x_wconf 86' lang='lat' dir='ltr'>expeditis</span> 
     </span>
     <span class='ocr_line' id='line_1_16' title="bbox 217 1761 841 1840; baseline -0.005 -19"><span class='ocrx_word' id='word_1_112' title='bbox 217 1763 364 1840; x_wconf 86' lang='lat' dir='ltr'>peditibus</span> <span class='ocrx_word' id='word_1_113' title='bbox 378 1765 447 1836; x_wconf 89' lang='lat' dir='ltr'>suis,</span> <span class='ocrx_word' id='word_1_114' title='bbox 463 1763 553 1820; x_wconf 86' lang='lat' dir='ltr'>hostis</span> <span class='ocrx_word' id='word_1_115' title='bbox 566 1781 649 1838; x_wconf 83' lang='lat' dir='ltr'>paeue</span> <span class='ocrx_word' id='word_1_116' title='bbox 659 1762 750 1819; x_wconf 83' lang='lat' dir='ltr'>riolos</span> <span class='ocrx_word' id='word_1_117' title='bbox 764 1761 841 1818; x_wconf 89' lang='lat' dir='ltr'>dare.</span> 
     </span>
    </p>

    <p class='ocr_par' dir='ltr' id='par_1_5' title="bbox 210 1851 1147 3654">
     <span class='ocr_line' id='line_1_17' title="bbox 258 1851 1147 1930; baseline -0.004 -17"><span class='ocrx_word' id='word_1_118' title='bbox 258 1854 324 1914; x_wconf 89' lang='lat' dir='ltr'>LX.</span> <span class='ocrx_word' id='word_1_119' title='bbox 354 1855 466 1913; x_wconf 84' lang='lat' dir='ltr'>Eodem</span> <span class='ocrx_word' id='word_1_120' title='bbox 480 1865 610 1930; x_wconf 87' lang='lat' dir='ltr'>tempore</span> <span class='ocrx_word' id='word_1_121' title='bbox 624 1854 699 1929; x_wconf 90' lang='lat' dir='ltr'>apud</span> <span class='ocrx_word' id='word_1_122' title='bbox 714 1853 837 1910; x_wconf 89' lang='lat' dir='ltr'>Zamam</span> <span class='ocrx_word' id='word_1_123' title='bbox 851 1871 958 1928; x_wconf 83' lang='lat' dir='ltr'>magna</span> <span class='ocrx_word' id='word_1_124' title='bbox 976 1851 1004 1909; x_wconf 87' lang='lat' dir='ltr'>vi</span> <span class='ocrx_word' id='word_1_125' title='bbox 1018 1853 1147 1910; x_wconf 79' lang='lat' dir='ltr'>certaba-</span> 
     </span>
     <span class='ocr_line' id='line_1_18' title="bbox 217 1944 1147 2021; baseline -0.003 -18"><span class='ocrx_word' id='word_1_126' title='bbox 217 1954 273 2004; x_wconf 90' lang='lat' dir='ltr'>tur.</span> <span class='ocrx_word' id='word_1_127' title='bbox 314 1945 372 2003; x_wconf 90' lang='lat' dir='ltr'>Ubi</span> <span class='ocrx_word' id='word_1_128' title='bbox 386 1946 507 2020; x_wconf 87' lang='lat' dir='ltr'>quisque</span> <span class='ocrx_word' id='word_1_129' title='bbox 519 1945 641 2021; x_wconf 86' lang='lat' dir='ltr'>legatus,</span> <span class='ocrx_word' id='word_1_130' title='bbox 657 1954 706 2002; x_wconf 90' lang='lat' dir='ltr'>aut</span> <span class='ocrx_word' id='word_1_131' title='bbox 720 1944 852 2002; x_wconf 87' lang='lat' dir='ltr'>tribunus</span> <span class='ocrx_word' id='word_1_132' title='bbox 864 1944 997 2015; x_wconf 85' lang='lat' dir='ltr'>eurabat,</span> <span class='ocrx_word' id='word_1_133' title='bbox 1018 1961 1055 2000; x_wconf 88' lang='lat' dir='ltr'>eo</span> <span class='ocrx_word' id='word_1_134' title='bbox 1069 1961 1147 2002; x_wconf 84' lang='lat' dir='ltr'>auer-</span> 
     </span>
     <span class='ocr_line' id='line_1_19' title="bbox 217 2033 1146 2111; baseline -0.004 -17"><span class='ocrx_word' id='word_1_135' title='bbox 217 2053 301 2094; x_wconf 90' lang='lat' dir='ltr'>rume</span> <span class='ocrx_word' id='word_1_136' title='bbox 310 2036 380 2105; x_wconf 89' lang='lat' dir='ltr'>niti;</span> <span class='ocrx_word' id='word_1_137' title='bbox 400 2053 495 2110; x_wconf 89' lang='lat' dir='ltr'>neque</span> <span class='ocrx_word' id='word_1_138' title='bbox 508 2035 580 2093; x_wconf 89' lang='lat' dir='ltr'>alius</span> <span class='ocrx_word' id='word_1_139' title='bbox 591 2035 621 2091; x_wconf 88' lang='lat' dir='ltr'>in</span> <span class='ocrx_word' id='word_1_140' title='bbox 633 2035 689 2092; x_wconf 90' lang='lat' dir='ltr'>alio</span> <span class='ocrx_word' id='word_1_141' title='bbox 700 2035 792 2111; x_wconf 86' lang='lat' dir='ltr'>magis</span> <span class='ocrx_word' id='word_1_142' title='bbox 802 2053 887 2109; x_wconf 89' lang='lat' dir='ltr'>quam</span> <span class='ocrx_word' id='word_1_143' title='bbox 897 2033 927 2091; x_wconf 90' lang='lat' dir='ltr'>iu</span> <span class='ocrx_word' id='word_1_144' title='bbox 937 2053 1000 2091; x_wconf 89' lang='lat' dir='ltr'>sese</span> <span class='ocrx_word' id='word_1_145' title='bbox 1010 2053 1090 2110; x_wconf 89' lang='lat' dir='ltr'>spem</span> <span class='ocrx_word' id='word_1_146' title='bbox 1098 2033 1146 2090; x_wconf 87' lang='lat' dir='ltr'>ba·</span> 
     </span>
     <span class='ocr_line' id='line_1_20' title="bbox 217 2125 1144 2201; baseline -0.001 -19"><span class='ocrx_word' id='word_1_147' title='bbox 217 2125 305 2182; x_wconf 84' lang='lat' dir='ltr'>bere:</span> <span class='ocrx_word' id='word_1_148' title='bbox 326 2126 489 2200; x_wconf 82' lang='lat' dir='ltr'>pariterque</span> <span class='ocrx_word' id='word_1_149' title='bbox 508 2125 645 2200; x_wconf 87' lang='lat' dir='ltr'>oppidani</span> <span class='ocrx_word' id='word_1_150' title='bbox 668 2143 769 2201; x_wconf 81' lang='lat' dir='ltr'>agere3</span> <span class='ocrx_word' id='word_1_151' title='bbox 789 2141 968 2201; x_wconf 84' lang='lat' dir='ltr'>oppugnare,</span> <span class='ocrx_word' id='word_1_152' title='bbox 981 2134 1030 2182; x_wconf 91' lang='lat' dir='ltr'>aut</span> <span class='ocrx_word' id='word_1_153' title='bbox 1043 2142 1144 2200; x_wconf 86' lang='lat' dir='ltr'>parare</span> 
     </span>
     <span class='ocr_line' id='line_1_21' title="bbox 213 2214 1145 2289; baseline -0.002 -15"><span class='ocrx_word' id='word_1_154' title='bbox 213 2214 447 2274; x_wconf 85' lang='lat' dir='ltr'>omuibusloois:</span> <span class='ocrx_word' id='word_1_155' title='bbox 469 2215 581 2272; x_wconf 85' lang='lat' dir='ltr'>avidius</span> <span class='ocrx_word' id='word_1_156' title='bbox 593 2215 674 2270; x_wconf 81' lang='lat' dir='ltr'>alteri</span> <span class='ocrx_word' id='word_1_157' title='bbox 687 2214 789 2272; x_wconf 89' lang='lat' dir='ltr'>alteros</span> <span class='ocrx_word' id='word_1_158' title='bbox 803 2215 944 2286; x_wconf 89' lang='lat' dir='ltr'>sauoiare,</span> <span class='ocrx_word' id='word_1_159' title='bbox 953 2233 1039 2289; x_wconf 85' lang='lat' dir='ltr'>quam</span> <span class='ocrx_word' id='word_1_160' title='bbox 1055 2225 1145 2272; x_wconf 88' lang='lat' dir='ltr'>semet</span> 
     </span>
     <span class='ocr_line' id='line_1_22' title="bbox 215 2303 1144 2382; baseline 0 -20"><span class='ocrx_word' id='word_1_161' title='bbox 215 2315 315 2379; x_wconf 84' lang='lat' dir='ltr'>tegere</span> <span class='ocrx_word' id='word_1_162' title='bbox 326 2323 331 2360; x_wconf 95' lang='lat'>:</span> <span class='ocrx_word' id='word_1_163' title='bbox 347 2303 457 2360; x_wconf 85' lang='lat' dir='ltr'>elamor</span> <span class='ocrx_word' id='word_1_164' title='bbox 465 2304 622 2379; x_wconf 86' lang='lat' dir='ltr'>permixtus</span> <span class='ocrx_word' id='word_1_165' title='bbox 631 2303 804 2374; x_wconf 84' lang='lat' dir='ltr'>hortatione,</span> <span class='ocrx_word' id='word_1_166' title='bbox 814 2304 922 2376; x_wconf 86' lang='lat' dir='ltr'>laetitia,</span> <span class='ocrx_word' id='word_1_167' title='bbox 933 2305 1043 2382; x_wconf 81' lang='lat' dir='ltr'>gemitu</span> <span class='ocrx_word' id='word_1_168' title='bbox 1053 2326 1061 2375; x_wconf 81' lang='lat'><em>3</em></span> <span class='ocrx_word' id='word_1_169' title='bbox 1076 2306 1144 2362; x_wconf 84' lang='lat' dir='ltr'>item</span> 
     </span>
     <span class='ocr_line' id='line_1_23' title="bbox 216 2393 1143 2469; baseline 0 -15"><span class='ocrx_word' id='word_1_170' title='bbox 216 2394 352 2468; x_wconf 88' lang='lat' dir='ltr'>strepitus</span> <span class='ocrx_word' id='word_1_171' title='bbox 367 2413 510 2452; x_wconf 88' lang='lat' dir='ltr'>armorum</span> <span class='ocrx_word' id='word_1_172' title='bbox 525 2393 561 2450; x_wconf 92' lang='lat' dir='ltr'>ad</span> <span class='ocrx_word' id='word_1_173' title='bbox 580 2394 684 2451; x_wconf 79' lang='lat' dir='ltr'>trulum</span> <span class='ocrx_word' id='word_1_174' title='bbox 700 2395 768 2452; x_wconf 80' lang='lat' dir='ltr'>ferri</span> <span class='ocrx_word' id='word_1_175' title='bbox 781 2415 787 2452; x_wconf 94' lang='lat'><strong>:</strong></span> <span class='ocrx_word' id='word_1_176' title='bbox 809 2396 867 2454; x_wconf 87' lang='lat' dir='ltr'>tela</span> <span class='ocrx_word' id='word_1_177' title='bbox 879 2397 1024 2469; x_wconf 86' lang='lat' dir='ltr'>utrimque</span> <span class='ocrx_word' id='word_1_178' title='bbox 1034 2396 1143 2454; x_wconf 75' lang='lat' dir='ltr'>volare.</span> 
     </span>
     <span class='ocr_line' id='line_1_24' title="bbox 216 2485 1144 2562; baseline 0.001 -18"><span class='ocrx_word' id='word_1_179' title='bbox 216 2485 277 2544; x_wconf 79' lang='lat' dir='ltr'>Sed</span> <span class='ocrx_word' id='word_1_180' title='bbox 290 2485 342 2558; x_wconf 90' lang='lat' dir='ltr'>illi,</span> <span class='ocrx_word' id='word_1_181' title='bbox 354 2485 404 2560; x_wconf 92' lang='lat' dir='ltr'>qui</span> <span class='ocrx_word' id='word_1_182' title='bbox 415 2485 522 2542; x_wconf 86' lang='lat' dir='ltr'>moenia</span> <span class='ocrx_word' id='word_1_183' title='bbox 535 2485 733 2557; x_wconf 80' lang='lat' dir='ltr'>defensabant,</span> <span class='ocrx_word' id='word_1_184' title='bbox 744 2487 793 2543; x_wconf 91' lang='lat' dir='ltr'>ubi</span> <span class='ocrx_word' id='word_1_185' title='bbox 807 2487 904 2543; x_wconf 87' lang='lat' dir='ltr'>hostes</span> <span class='ocrx_word' id='word_1_186' title='bbox 914 2487 1043 2562; x_wconf 89' lang='lat' dir='ltr'>paullum</span> <span class='ocrx_word' id='word_1_187' title='bbox 1058 2487 1144 2545; x_wconf 89' lang='lat' dir='ltr'>modo</span> 
     </span>
     <span class='ocr_line' id='line_1_25' title="bbox 214 2577 1144 2654; baseline 0.001 -20"><span class='ocrx_word' id='word_1_188' title='bbox 214 2595 343 2654; x_wconf 83' lang='lat' dir='ltr'>pugnam</span> <span class='ocrx_word' id='word_1_189' title='bbox 362 2577 542 2648; x_wconf 83' lang='lat' dir='ltr'>remiserant,</span> <span class='ocrx_word' id='word_1_190' title='bbox 556 2577 660 2634; x_wconf 88' lang='lat' dir='ltr'>intenti</span> <span class='ocrx_word' id='word_1_191' title='bbox 680 2578 809 2651; x_wconf 84' lang='lat' dir='ltr'>praelium</span> <span class='ocrx_word' id='word_1_192' title='bbox 828 2587 962 2652; x_wconf 86' lang='lat' dir='ltr'>equestre</span> <span class='ocrx_word' id='word_1_193' title='bbox 980 2587 1144 2653; x_wconf 77' lang='lat' dir='ltr'>prospecta·</span> 
     </span>
     <span class='ocr_line' id='line_1_26' title="bbox 215 2667 1142 2751; baseline 0 -25"><span class='ocrx_word' id='word_1_194' title='bbox 215 2667 308 2726; x_wconf 86' lang='lat' dir='ltr'>bant:</span> <span class='ocrx_word' id='word_1_195' title='bbox 328 2687 390 2741; x_wconf 90' lang='lat' dir='ltr'>eos,</span> <span class='ocrx_word' id='word_1_196' title='bbox 406 2669 447 2726; x_wconf 90' lang='lat' dir='ltr'>uti</span> <span class='ocrx_word' id='word_1_197' title='bbox 467 2687 588 2744; x_wconf 74' lang='lat' dir='ltr'>quasque</span> <span class='ocrx_word' id='word_1_198' title='bbox 609 2668 759 2744; x_wconf 78' lang='lat' dir='ltr'>Jugurthae</span> <span class='ocrx_word' id='word_1_199' title='bbox 780 2687 826 2751; x_wconf 75' lang='lat' dir='ltr'>res</span> <span class='ocrx_word' id='word_1_200' title='bbox 847 2678 937 2740; x_wconf 87' lang='lat' dir='ltr'>erant,</span> <span class='ocrx_word' id='word_1_201' title='bbox 952 2669 1033 2726; x_wconf 80' lang='lat' dir='ltr'>laetos</span> <span class='ocrx_word' id='word_1_202' title='bbox 1049 2669 1142 2740; x_wconf 88' lang='lat' dir='ltr'>modo,</span> 
     </span>
     <span class='ocr_line' id='line_1_27' title="bbox 214 2759 1143 2832; baseline 0 -16"><span class='ocrx_word' id='word_1_203' title='bbox 214 2759 303 2816; x_wconf 86' lang='lat' dir='ltr'>modo</span> <span class='ocrx_word' id='word_1_204' title='bbox 325 2760 445 2832; x_wconf 86' lang='lat' dir='ltr'>pavidos</span> <span class='ocrx_word' id='word_1_205' title='bbox 467 2760 727 2828; x_wconf 81' lang='lat' dir='ltr'>animadvorteres3</span> <span class='ocrx_word' id='word_1_206' title='bbox 750 2777 794 2831; x_wconf 85' lang='lat' dir='ltr'>ao,</span> <span class='ocrx_word' id='word_1_207' title='bbox 809 2759 896 2816; x_wconf 85' lang='lat' dir='ltr'>siouti</span> <span class='ocrx_word' id='word_1_208' title='bbox 921 2759 1014 2816; x_wconf 88' lang='lat' dir='ltr'>audiri</span> <span class='ocrx_word' id='word_1_209' title='bbox 1036 2779 1052 2816; x_wconf 91' lang='lat' dir='ltr'>a</span> <span class='ocrx_word' id='word_1_210' title='bbox 1073 2759 1143 2830; x_wconf 88' lang='lat' dir='ltr'>suis,</span> 
     </span>
     <span class='ocr_line' id='line_1_28' title="bbox 215 2848 1143 2928; baseline 0.003 -22"><span class='ocrx_word' id='word_1_211' title='bbox 215 2859 266 2906; x_wconf 81' lang='lat' dir='ltr'>sut</span> <span class='ocrx_word' id='word_1_212' title='bbox 279 2848 360 2904; x_wconf 87' lang='lat' dir='ltr'>eerni</span> <span class='ocrx_word' id='word_1_213' title='bbox 380 2858 507 2920; x_wconf 86' lang='lat' dir='ltr'>possent,</span> <span class='ocrx_word' id='word_1_214' title='bbox 522 2867 640 2905; x_wconf 89' lang='lat' dir='ltr'>monere</span> <span class='ocrx_word' id='word_1_215' title='bbox 655 2849 713 2920; x_wconf 86' lang='lat' dir='ltr'>ulii,</span> <span class='ocrx_word' id='word_1_216' title='bbox 730 2849 778 2906; x_wconf 87' lang='lat' dir='ltr'>ulii</span> <span class='ocrx_word' id='word_1_217' title='bbox 791 2850 910 2920; x_wconf 82' lang='lat' dir='ltr'>hortari,</span> <span class='ocrx_word' id='word_1_218' title='bbox 927 2861 975 2907; x_wconf 89' lang='lat' dir='ltr'>aut</span> <span class='ocrx_word' id='word_1_219' title='bbox 990 2869 1076 2909; x_wconf 90' lang='lat' dir='ltr'>manu</span> <span class='ocrx_word' id='word_1_220' title='bbox 1088 2853 1143 2928; x_wconf 84' lang='lat' dir='ltr'>sig·</span> 
     </span>
     <span class='ocr_line' id='line_1_29' title="bbox 213 2937 1143 3014; baseline 0.003 -19"><span class='ocrx_word' id='word_1_221' title='bbox 213 2937 344 3005; x_wconf 80' lang='lat' dir='ltr'>ailieare,</span> <span class='ocrx_word' id='word_1_222' title='bbox 355 2946 404 2994; x_wconf 93' lang='lat' dir='ltr'>aut</span> <span class='ocrx_word' id='word_1_223' title='bbox 417 2937 471 2994; x_wconf 90' lang='lat' dir='ltr'>uiti</span> <span class='ocrx_word' id='word_1_224' title='bbox 485 2938 664 3011; x_wconf 80' lang='lat' dir='ltr'>corporibus,</span> <span class='ocrx_word' id='word_1_225' title='bbox 679 2950 709 2995; x_wconf 87' lang='lat' dir='ltr'>et</span> <span class='ocrx_word' id='word_1_226' title='bbox 723 2957 758 2996; x_wconf 88' lang='lat' dir='ltr'>ea</span> <span class='ocrx_word' id='word_1_227' title='bbox 772 2941 830 2996; x_wconf 87' lang='lat' dir='ltr'>huo</span> <span class='ocrx_word' id='word_1_228' title='bbox 843 2951 873 2998; x_wconf 87' lang='lat' dir='ltr'>et</span> <span class='ocrx_word' id='word_1_229' title='bbox 887 2940 966 3011; x_wconf 85' lang='lat' dir='ltr'>illue,</span> <span class='ocrx_word' id='word_1_230' title='bbox 978 2942 1061 3014; x_wconf 85' lang='lat' dir='ltr'>quasi</span> <span class='ocrx_word' id='word_1_231' title='bbox 1075 2941 1143 2998; x_wconf 85' lang='lat' dir='ltr'>vita-</span> 
     </span>
     <span class='ocr_line' id='line_1_30' title="bbox 213 3027 1144 3109; baseline 0.002 -23"><span class='ocrx_word' id='word_1_232' title='bbox 213 3027 316 3098; x_wconf 82' lang='lat' dir='ltr'>bundi,</span> <span class='ocrx_word' id='word_1_233' title='bbox 333 3037 381 3084; x_wconf 83' lang='lat' dir='ltr'>aut</span> <span class='ocrx_word' id='word_1_234' title='bbox 392 3027 534 3102; x_wconf 79' lang='lat' dir='ltr'>jacientes</span> <span class='ocrx_word' id='word_1_235' title='bbox 547 3028 614 3099; x_wconf 84' lang='lat' dir='ltr'>tela,</span> <span class='ocrx_word' id='word_1_236' title='bbox 628 3029 748 3105; x_wconf 86' lang='lat' dir='ltr'>agitare.</span> <span class='ocrx_word' id='word_1_237' title='bbox 789 3031 880 3092; x_wconf 79' lang='lat' dir='ltr'>Quod</span> <span class='ocrx_word' id='word_1_238' title='bbox 895 3031 944 3090; x_wconf 88' lang='lat' dir='ltr'>ubi</span> <span class='ocrx_word' id='word_1_239' title='bbox 966 3030 1062 3088; x_wconf 87' lang='lat' dir='ltr'>Mario</span> <span class='ocrx_word' id='word_1_240' title='bbox 1077 3050 1144 3109; x_wconf 80' lang='lat' dir='ltr'>eog-</span> 
     </span>
     <span class='ocr_line' id='line_1_31' title="bbox 212 3117 1143 3200; baseline 0 -22"><span class='ocrx_word' id='word_1_241' title='bbox 212 3119 308 3178; x_wconf 78' lang='lat' dir='ltr'>aitum</span> <span class='ocrx_word' id='word_1_242' title='bbox 322 3129 377 3191; x_wconf 88' lang='lat' dir='ltr'>est,</span> <span class='ocrx_word' id='word_1_243' title='bbox 394 3117 474 3195; x_wconf 87' lang='lat' dir='ltr'>(nam</span> <span class='ocrx_word' id='word_1_244' title='bbox 496 3117 565 3176; x_wconf 86' lang='lat' dir='ltr'>isin</span> <span class='ocrx_word' id='word_1_245' title='bbox 585 3138 620 3176; x_wconf 90' lang='lat' dir='ltr'>ea</span> <span class='ocrx_word' id='word_1_246' title='bbox 639 3129 720 3194; x_wconf 87' lang='lat' dir='ltr'>parte</span> <span class='ocrx_word' id='word_1_247' title='bbox 734 3122 879 3200; x_wconf 67' lang='lat' dir='ltr'>curabat)</span> <span class='ocrx_word' id='word_1_248' title='bbox 895 3121 1028 3178; x_wconf 85' lang='lat' dir='ltr'>eousulto</span> <span class='ocrx_word' id='word_1_249' title='bbox 1049 3122 1143 3179; x_wconf 87' lang='lat' dir='ltr'>lenius</span> 
     </span>
     <span class='ocr_line' id='line_1_32' title="bbox 215 3210 1143 3288; baseline 0 -20"><span class='ocrx_word' id='word_1_250' title='bbox 215 3221 323 3288; x_wconf 66' lang='lat' dir='ltr'>ageres</span> <span class='ocrx_word' id='word_1_251' title='bbox 335 3229 370 3268; x_wconf 84' lang='lat' dir='ltr'>ao</span> <span class='ocrx_word' id='word_1_252' title='bbox 384 3210 572 3268; x_wconf 86' lang='lat' dir='ltr'>diffidentiam</span> <span class='ocrx_word' id='word_1_253' title='bbox 595 3211 638 3266; x_wconf 90' lang='lat' dir='ltr'>rei</span> <span class='ocrx_word' id='word_1_254' title='bbox 662 3211 817 3268; x_wconf 86' lang='lat' dir='ltr'>simulare:</span> <span class='ocrx_word' id='word_1_255' title='bbox 838 3212 897 3286; x_wconf 85' lang='lat' dir='ltr'>pati</span> <span class='ocrx_word' id='word_1_256' title='bbox 920 3211 1065 3268; x_wconf 83' lang='lat' dir='ltr'>Numidas</span> <span class='ocrx_word' id='word_1_257' title='bbox 1080 3213 1143 3269; x_wconf 85' lang='lat' dir='ltr'>siue</span> 
     </span>
     <span class='ocr_line' id='line_1_33' title="bbox 212 3301 1142 3378; baseline 0 -20"><span class='ocrx_word' id='word_1_258' title='bbox 212 3302 340 3359; x_wconf 85' lang='lat' dir='ltr'>tumultu</span> <span class='ocrx_word' id='word_1_259' title='bbox 364 3303 442 3378; x_wconf 85' lang='lat' dir='ltr'>regis</span> <span class='ocrx_word' id='word_1_260' title='bbox 464 3302 595 3376; x_wconf 71' lang='lat' dir='ltr'>prelium</span> <span class='ocrx_word' id='word_1_261' title='bbox 617 3301 717 3359; x_wconf 85' lang='lat' dir='ltr'>visere.</span> <span class='ocrx_word' id='word_1_262' title='bbox 759 3302 805 3358; x_wconf 91' lang='lat' dir='ltr'>Ita</span> <span class='ocrx_word' id='word_1_263' title='bbox 830 3301 887 3358; x_wconf 86' lang='lat' dir='ltr'>illis</span> <span class='ocrx_word' id='word_1_264' title='bbox 907 3302 1004 3358; x_wconf 90' lang='lat' dir='ltr'>studio</span> <span class='ocrx_word' id='word_1_265' title='bbox 1025 3319 1142 3358; x_wconf 85' lang='lat' dir='ltr'>suorum</span> 
     </span>
     <span class='ocr_line' id='line_1_34' title="bbox 214 3391 1142 3468; baseline 0.002 -20"><span class='ocrx_word' id='word_1_266' title='bbox 214 3392 370 3462; x_wconf 76' lang='lat' dir='ltr'>adstrictis,</span> <span class='ocrx_word' id='word_1_267' title='bbox 392 3403 510 3468; x_wconf 87' lang='lat' dir='ltr'>repente</span> <span class='ocrx_word' id='word_1_268' title='bbox 529 3393 677 3468; x_wconf 74' lang='lat' dir='ltr'>magnaei</span> <span class='ocrx_word' id='word_1_269' title='bbox 697 3409 811 3448; x_wconf 85' lang='lat' dir='ltr'>murum</span> <span class='ocrx_word' id='word_1_270' title='bbox 826 3391 1011 3467; x_wconf 81' lang='lat' dir='ltr'>adgreditur:</span> <span class='ocrx_word' id='word_1_271' title='bbox 1033 3401 1063 3448; x_wconf 93' lang='lat' dir='ltr'>et</span> <span class='ocrx_word' id='word_1_272' title='bbox 1083 3393 1142 3467; x_wconf 83' lang='lat' dir='ltr'>jam</span> 
     </span>
     <span class='ocr_line' id='line_1_35' title="bbox 210 3479 1143 3557; baseline 0.002 -21"><span class='ocrx_word' id='word_1_273' title='bbox 210 3479 300 3536; x_wconf 77' lang='lat' dir='ltr'>saulis</span> <span class='ocrx_word' id='word_1_274' title='bbox 321 3483 430 3554; x_wconf 85' lang='lat' dir='ltr'>egressi</span> <span class='ocrx_word' id='word_1_275' title='bbox 454 3483 560 3539; x_wconf 85' lang='lat' dir='ltr'>milites</span> <span class='ocrx_word' id='word_1_276' title='bbox 579 3499 669 3556; x_wconf 87' lang='lat' dir='ltr'>prope</span> <span class='ocrx_word' id='word_1_277' title='bbox 684 3499 796 3538; x_wconf 86' lang='lat' dir='ltr'>summa</span> <span class='ocrx_word' id='word_1_278' title='bbox 816 3492 964 3556; x_wconf 81' lang='lat' dir='ltr'>oeperunt,</span> <span class='ocrx_word' id='word_1_279' title='bbox 979 3499 1047 3539; x_wconf 84' lang='lat' dir='ltr'>eum</span> <span class='ocrx_word' id='word_1_280' title='bbox 1062 3481 1143 3557; x_wconf 89' lang='lat' dir='ltr'>oppi-</span> 
     </span>
     <span class='ocr_line' id='line_1_36' title="bbox 211 3566 1143 3654; baseline 0.005 -26"><span class='ocrx_word' id='word_1_281' title='bbox 211 3566 283 3628; x_wconf 82' lang='lat' dir='ltr'>dani</span> <span class='ocrx_word' id='word_1_282' title='bbox 298 3582 485 3642; x_wconf 79' lang='lat' dir='ltr'>oouaurrunt,</span> <span class='ocrx_word' id='word_1_283' title='bbox 500 3572 621 3650; x_wconf 84' lang='lat' dir='ltr'>lapides,</span> <span class='ocrx_word' id='word_1_284' title='bbox 642 3572 749 3650; x_wconf 84' lang='lat' dir='ltr'>iguem,</span> <span class='ocrx_word' id='word_1_285' title='bbox 764 3570 821 3631; x_wconf 86' lang='lat' dir='ltr'>alia</span> <span class='ocrx_word' id='word_1_286' title='bbox 842 3581 982 3652; x_wconf 72' lang='lat' dir='ltr'>preterea</span> <span class='ocrx_word' id='word_1_287' title='bbox 995 3572 1054 3632; x_wconf 81' lang='lat' dir='ltr'>tela</span> <span class='ocrx_word' id='word_1_288' title='bbox 1064 3572 1143 3654; x_wconf 78' lang='lat' dir='ltr'>inge</span> 
     </span>
    </p>
   </div>
   <div class='ocr_carea' id='block_1_4' title="bbox 0 0 1332 4276">
    <p class='ocr_par' dir='ltr' id='par_1_6' title="bbox 0 0 1332 4276">
     <span class='ocr_line' id='line_1_37' title="bbox 0 0 1332 4276; baseline 0 3"><span class='ocrx_word' id='word_1_289' title='bbox 0 0 1332 4276; x_wconf 95' lang='lat' dir='ltr'> </span> 
     </span>
    </p>
   </div>
  </div>
 </body>
</html>
