2656 4276
241 303 282 372 io
526 319 692 364 smuarn
715 317 878 362 camma.

238 463 312 526 nibil
325 481 395 522 sane
409 462 556 522 intentus:
578 472 647 520 tuta
667 459 885 538 tranquilleque
904 475 951 518 rer
970 476 1093 520 omnes:
1113 461 1169 526 red

238 572 403 631 enprorsus
415 567 577 630 opportuna
590 553 733 614 Catiliure.

277 645 376 704 XVII.
404 644 496 721 Igitur
511 645 626 704 circiter
641 641 788 702 Kalendas
808 636 921 714 lunias,
942 640 976 700 L.
998 639 1115 704 cesare
1134 655 1166 707 et

239 734 274 794 C.
289 735 395 812 Figulo
408 734 595 806 Consulibus,
608 735 701 810 primo
714 733 844 810 singulos
865 731 1030 807 adpellare:
1054 735 1165 798 hortari

239 824 321 898 ulios,
331 826 403 884 alios
416 837 571 902 temptare:
593 845 661 902 opes
675 843 751 895 suas,
764 824 932 898 imparatam
945 825 1164 901 rempublicam,

238 934 344 995 magna
356 918 475 993 premia
488 916 696 993 conjurationis
709 915 824 974 docere.
865 913 923 972 Ubi
937 915 1006 972 satis
1019 917 1166 992 explorata

238 1018 306 1068 aunt
328 1027 392 1083 qua
406 1008 506 1078 voluit,
519 1008 551 1068 'm
565 1025 655 1064 unum
669 1005 763 1062 omnis
777 1014 928 1075 convocat,
943 1005 1047 1079 quibus
1067 1025 1164 1065 maxu-

238 1098 487 1167 manecessitudo,
502 1107 531 1154 et
542 1097 697 1170 plurimum
712 1095 841 1152 audaciae
855 1095 957 1152 inerat.
1000 1095 1046 1154 Eo
1061 1115 1163 1158 conve·

238 1205 318 1257 nere,
333 1186 477 1244 Senatorii
490 1186 609 1257 ordinis,
624 1186 656 1244 P.
672 1185 814 1243 Lentulus
828 1187 912 1257 Sura,
933 1185 967 1243 P.
989 1185 1161 1261 Autronius,

238 1275 273 1336 1.
295 1276 414 1334 Cassius
428 1277 587 1353 Longinus,
602 1276 637 1334 C.
653 1276 812 1354 Cethegus,
826 1276 858 1334 P.
873 1287 902 1334 et
924 1277 1043 1336 Servius
1062 1279 1162 1351 Sulla,

238 1367 333 1428 Servii
366 1367 427 1438 filii,
454 1367 488 1426 L.
515 1367 723 1443 Vargunteius,
749 1367 789 1429 Q.
818 1366 944 1439 Annius,
972 1367 1013 1426 M.
1041 1368 1162 1430 Porcius

238 1455 334 1530 Laeca,
349 1458 382 1518 L.
398 1458 505 1530 Bestia,
513 1459 553 1520 Q.
565 1458 673 1518 Curius
685 1478 691 1515 :
712 1467 850 1534 praterea
864 1477 899 1516 ex
912 1460 1036 1536 equestri
1050 1461 1162 1534 ordine,

237 1547 280 1608 M.
295 1550 415 1608 Fulvius
435 1550 581 1622 Nobilior,
603 1549 636 1609 L.
663 1549 804 1621 Statilius,
826 1549 859 1608 P.
881 1550 1023 1608 Gabinius
1046 1551 1161 1628 Capito,

237 1637 273 1696 C.
296 1639 467 1697 Cornelius:
490 1641 526 1697 ad
549 1641 605 1696 hoc
627 1640 711 1697 multi
732 1659 769 1698 ex
788 1640 913 1700 coloniis
933 1650 962 1699 et
985 1640 1162 1716 municipiis,

236 1727 315 1787 domi
329 1730 449 1788 nobiles.
480 1730 572 1788 Erant
585 1741 723 1806 preterea
736 1730 899 1807 complures
911 1732 1009 1808 paullo
1019 1732 1163 1792 occultius

236 1820 352 1880 consilii
373 1821 492 1898 hujusce
511 1821 666 1898 participes
686 1822 808 1893 nobiles,
830 1840 902 1897 quos
922 1823 1014 1900 magis
1035 1824 1163 1884 domina·

236 1911 324 1976 tionis
337 1931 402 1989 spes
415 1914 592 1985 hortabatur,
607 1933 692 1988 qnam
708 1913 815 1988 inopia,
832 1922 881 1970 aut
895 1913 952 1972 alia
969 1913 1161 1972 necessitudo.

236 2001 374 2061 Ceterum
391 2003 527 2080 juventus
540 2005 688 2079 pleraque,
702 2004 753 2060 sed
768 2021 900 2062 maxume
915 2005 1067 2077 nobilium,
1083 2004 1163 2062 Cati·

235 2090 302 2150 lium
317 2092 440 2170 inceptis
453 2095 574 2154 favebat.
615 2094 733 2157 Quibus
747 2095 847 2154 inotio
866 2095 911 2152 rel
932 2096 1097 2171 magnifice,
1118 2094 1163 2154 vel

236 2182 359 2242 molliter
386 2186 482 2244 vivere
508 2187 593 2261 copia
619 2197 690 2258 erat,
713 2187 825 2246 incerta
844 2205 897 2262 pro
921 2185 1018 2255 certis,
1044 2186 1163 2258 bellum,

149 2267 154 2274 “
236 2291 321 2348 quam
334 2294 447 2353 pacem,
462 2277 615 2342 malebant.
656 2277 752 2335 Fuere
767 2278 836 2336 item
856 2293 892 2330 ea
911 2281 1091 2340 tempeflffll‘b
1113 2274 1164 2344 qui

235 2363 388 2425 crederent
401 2355 443 2414 M.
455 2355 603 2414 Licinium
618 2359 754 2414 Crassum
765 2375 824 2414 non
836 2361 968 2433 ignarum
976 2355 1038 2433 ejus
1047 2360 1164 2420 consilii

234 2449 342 2519 fuisse;
364 2447 432 2524 quia
445 2447 501 2505 Cn.
516 2447 681 2522 Pompeius,
696 2448 805 2506 invisus
819 2447 885 2525 ipsi,
899 2467 1036 2526 magnum
1055 2452 1165 2510 exerci-

235 2550 296 2600 tum
310 2539 458 2611 ductabat,
473 2537 598 2615 cujusvis
612 2556 683 2614 opes
696 2539 821 2598 voluisse
842 2549 944 2600 contra
965 2541 1042 2599 illius
1062 2551 1163 2618 poten·

234 2632 305 2693 tiam
326 2649 473 2702 crescere;
495 2630 580 2688 simul
605 2630 758 2704 confisum,
780 2632 805 2690 si
829 2632 991 2710 conjuratio
1014 2632 1161 2708 valuisset,

234 2724 321 2784 facile
336 2724 411 2798 apud
425 2723 490 2781 illos
502 2722 663 2798 principem
678 2742 709 2780 se
723 2723 792 2780 sore.

274 2812 388 2870 XVIII.
417 2813 475 2868 Sed
491 2823 574 2872 antea
588 2813 656 2871 item
671 2813 858 2887 conjuravere
871 2814 958 2887 pauci
971 2823 1072 2872 contra
1089 2833 1163 2874 rem·

234 2902 390 2980 publicam,
406 2902 554 2978 inquibus
574 2902 702 2962 Catilina
722 2900 794 2970 fuit;
816 2901 852 2956 de
876 2920 941 2975 qua,
966 2920 1052 2976 quam
1075 2906 1162 2966 veris·

234 3012 316 3054 sume
333 3005 443 3069 potero,
468 2995 573 3052 dicam.
615 2992 649 3049 L.
674 2990 774 3060 Tullo,
790 2987 831 3046 M.
847 2989 959 3063 Lepido
973 2990 1161 3068 Consulibus,

233 3085 266 3145 P.
281 3086 442 3146 Autronius
456 3095 486 3143 et
499 3086 531 3143 P.
547 3083 638 3153 Sulla,
653 3080 795 3156 designati
817 3081 950 3138 consules
969 3081 1083 3158 legibus
1104 3104 1162 3144 am·

233 3176 311 3235 bitus
325 3175 503 3252 interrogati,
517 3191 616 3248 poenas
630 3170 776 3228 dederant.
818 3171 888 3229 Post
907 3173 1004 3248 paullo
1023 3174 1160 3249 Catilina,

232 3268 423 3341 pecuniarum
436 3262 660 3339 repetundarum
675 3280 751 3334 reus,
765 3262 927 3338 prohibitus
948 3274 1010 3322 erat
1030 3265 1161 3324 consula·

233 3364 295 3414 turn
308 3369 415 3431 petere,
430 3355 508 3432 quod
522 3354 597 3412 intra
610 3353 755 3431 legitimos
768 3354 830 3414 dies
843 3355 971 3432 profiteri
991 3355 1159 3432 nequiverit

234 3441 306 3500 Erat
319 3449 421 3504 eodem
435 3459 563 3523 tempore
577 3447 632 3504 Cu.
644 3446 722 3516 Piso,
735 3445 903 3504 adolescens
913 3447 1029 3518 nobilis,
1041 3464 1160 3504 summe

234 3531 374 3606 audacie,
393 3552 492 3612 egens,
513 3538 661 3609 factiosus,
681 3553 767 3612 quem
789 3534 824 3594 ad
844 3538 1067 3621 perturbandam
1087 3553 1160 3600 rem·
