2656 4276
222 329 245 393 4
512 349 677 394 samusart
699 349 859 392 carmina.

223 505 346 567 reguum
365 500 488 568 pararet,
509 492 666 568 quidquam
685 490 768 567 pensi
788 490 920 548 habebat
972 489 1150 569 Agitabatur

222 581 317 660 magis
329 583 478 660 magisme
492 584 523 640 in
536 584 599 642 dies
613 583 726 640 animus
740 583 829 654 ferox,
844 582 943 658 inopia
963 583 1005 641 rei
1029 583 1151 644 familia-

222 671 273 744 ris,
297 682 327 731 et
348 674 529 732 couscientia
552 674 711 748 scelerum
743 691 807 749 quae
831 681 953 748 utraque
973 673 1018 730 his
1039 675 1150 734 artibus

223 774 351 836 auxerat,
378 783 450 839 quas
476 783 562 840 supra
594 764 758 822 memoravi.
812 762 978 820 Incitabant
1010 775 1149 840 praterea

222 855 353 930 corrupti
373 855 498 913 civitatis
511 874 617 928 mores,
636 873 709 931 quor
728 872 862 930 pessuma
883 871 918 911 ac
938 853 1053 912 divorsa
1073 855 1148 914 inter

221 961 254 1002 se
280 946 365 1018 mola,
386 946 500 1005 luxuria
526 957 612 1021 atque
639 945 766 1015 avaritia,
790 946 940 1003 vexabant
995 945 1059 1002 Res
1085 947 1149 1022 ipsa

221 1033 330 1094 hortari
357 1037 479 1108 videtur,
507 1037 644 1111 quoniam
670 1035 707 1092 de
733 1035 862 1093 moribus
886 1035 1011 1094 civitatis
1031 1045 1146 1112 tempus

222 1126 381 1198 admonuit,
396 1145 482 1201 supra
494 1137 634 1202 repetere,
657 1144 701 1197 ac,
721 1127 832 1200 paucis,
854 1126 985 1184 instituta
1004 1127 1147 1203 majorum

221 1213 301 1271 domi
341 1216 517 1290 militiaeque,
558 1217 704 1291 quomodo
740 1217 948 1291 rempublicam
981 1217 1146 1291 habuerint,

221 1314 414 1382 quantamque
440 1306 629 1381 reliquerint3
664 1317 706 1379 ut,
739 1308 888 1382 paullatim
922 1307 1082 1380 immutata,
1110 1325 1147 1366 ex

219 1394 433 1471 pulcherruma,
458 1416 593 1475 pessuma
613 1417 648 1456 ac
668 1398 902 1476 flagitiosissuma
922 1399 998 1457 fecta
1020 1399 1067 1470 sit,
1088 1399 1147 1456 dis·

220 1503 326 1547 serere.

259 1577 311 1636 VI.
339 1579 447 1638 Urbem
474 1581 611 1654 Romam,
639 1583 725 1640 sicuti
753 1601 809 1660 ego
843 1582 954 1658 accepi,
987 1580 1145 1639 condidere

220 1675 306 1742 atque
319 1668 446 1728 habuere
460 1673 544 1730 initio
564 1673 696 1749 Trojani,
718 1674 777 1748 qui,
798 1673 894 1730 AEnea
913 1673 998 1744 duce,
1019 1671 1145 1748 profugi,
1222 1685 1227 1697 ⁴

218 1758 336 1816 aedibus
363 1760 482 1820 incertia
507 1764 702 1841 vagabantur3
734 1781 859 1838 cumque
885 1763 931 1821 his
957 1762 1145 1840 Aborigines,

218 1867 311 1928 genus
324 1851 474 1912 hominum
489 1864 611 1932 agreste,
625 1856 688 1913 sine
702 1856 824 1932 legibus,
839 1855 902 1912 sine
922 1855 1054 1931 imperio,
1075 1852 1147 1910 libe-

217 1957 283 1998 mm
298 1952 382 2018 atque
395 1945 529 2004 solutum.
572 1947 613 2002 Hi
626 1957 779 2020 postquam
792 1946 822 2002 in
837 1964 896 2002 una
915 1947 1022 2003 muenia
1041 1964 1147 2004 coure-

217 2047 297 2102 uere,
325 2032 432 2108 dispari
459 2053 576 2112 genere,
600 2023 733 2094 dissimili
754 2036 864 2114 lingua,
890 2036 962 2094 alius
987 2037 1045 2094 alio
1065 2055 1146 2096 more

217 2120 345 2180 virentes
353 2143 361 2194 ;
377 2124 548 2184 incredibile
556 2138 716 2186 memoratu
725 2138 770 2186 est
780 2146 865 2204 quam
878 2128 964 2185 facile
972 2128 1144 2186 coaluerint.

217 2209 287 2282 Sed,
301 2219 451 2287 postquam
464 2229 511 2269 res
524 2230 626 2268 eorum
646 2219 767 2284 civibus,
789 2219 927 2283 moribus,
950 2218 1026 2288 agris
1047 2228 1145 2291 aucta,

217 2301 286 2360 satis
299 2319 444 2377 prospera,
459 2302 585 2377 satisque
598 2302 710 2378 pollens
720 2304 885 2376 ridebatur3
906 2303 993 2362 sicuti
1006 2305 1145 2382 pleraque

216 2393 381 2451 mortalium
395 2393 546 2465 habentur,
558 2393 666 2451 invidia
679 2412 715 2452 ex
728 2395 876 2471 opulentia
888 2405 951 2454 orta
964 2406 1016 2454 est.
1049 2396 1145 2474 Igitur

216 2501 300 2560 reges
312 2483 469 2561 populique
483 2484 608 2542 finitumi
621 2485 697 2542 bello
711 2496 867 2562 temptare:
887 2487 975 2564 pauci
989 2505 1025 2545 ex
1040 2489 1143 2548 amicis

217 2575 325 2634 auxilio
352 2594 432 2647 esse3
466 2595 533 2634 nam
561 2576 661 2649 ceteri,
689 2587 768 2635 metu
794 2577 931 2653 perculsi,
961 2597 977 2636 a
1003 2580 1143 2654 periculis

216 2667 349 2740 aberant,
384 2666 426 2725 At
439 2667 578 2738 Romani,
593 2668 672 2726 domi
686 2668 852 2744 militiaeque
867 2669 979 2743 intenti,
995 2671 1141 2743 festinare,

214 2774 325 2833 parare,
341 2758 414 2813 alius
428 2759 516 2814 alium
536 2759 662 2827 hortari;
684 2759 816 2817 hostibus
836 2760 950 2816 obviam
971 2761 1015 2817 ire
1026 2745 1142 2835 {iiber-

215 2853 314 2915 tatem,
340 2844 463 2918 patriam
488 2854 679 2919 parentesque
706 2847 792 2902 armis
826 2837 946 2920 tegerel:
980 2840 1062 2921 posi,
1090 2853 1143 2910 ubi

214 2932 346 3012 pericula
358 2933 463 2991 virtute
482 2934 677 3009 propulerant,
698 2934 785 2991 sociis
807 2944 891 3008 atque
911 2930 1014 2993 iimicis
1036 2940 1143 3001 auxilia

214 3023 385 3101 portabant3
405 3023 553 3100 magisque
568 3023 680 3096 dandis,
695 3043 781 3100 quam
796 3024 976 3100 accipiundis
990 3029 1141 3090 beneficiis

215 3116 358 3176 amicitias
380 3116 527 3192 parabant.
574 3113 732 3190 Imperium
755 3115 937 3193 legittimum,
960 3137 1067 3178 nornen
1088 3122 1141 3178 im·

213 3207 288 3281 perii
313 3207 426 3286 regium
453 3206 616 3264 habebant:
647 3206 763 3279 delecti,
791 3206 896 3282 quibus
923 3227 1028 3286 corpus
1056 3213 1139 3270 annis

214 3294 369 3370 infirmum,
391 3297 541 3376 ingenium
562 3297 703 3374 sapientia
725 3299 851 3357 validum
875 3309 946 3373 erat,
970 3302 1137 3378 reipublice

214 3388 434 3447 consultabant:
476 3390 516 3462 hi,
550 3389 595 3447 rel
629 3398 722 3462 etate,
756 3391 799 3448 vel
834 3409 911 3448 curte
939 3392 1136 3464 similitudine,

213 3473 336 3534 Persas
370 3479 593 3553 adpellabantur.
648 3481 727 3550 Post,
755 3481 806 3537 ubi
833 3481 945 3556 regium
973 3482 1135 3558 imperium,

214 3566 302 3643 quod,
335 3565 429 3639 initio,
456 3569 659 3627 conservandae
693 3570 844 3642 libertatis,
879 3579 964 3646 atque
998 3573 1136 3651 augendae

1315 2853 1318 3023 l
