2682 4268
480 339 642 384 sauurrsnrr
661 339 838 384 mannam.
1067 319 1128 382 105

196 478 352 554 existumo,
380 482 433 541 sed
460 483 656 540 fortissumum
683 500 826 558 quemque
852 479 1125 559 generosissumum.

199 569 259 643 Ao,
273 573 297 629 si
308 573 367 648 jam
382 592 418 630 ex
437 574 567 649 patribus
580 574 693 646 Albini,
709 583 758 630 eut
778 573 883 631 Bestiae
907 572 997 648 quaeri
1018 581 1126 647 posset,

182 677 293 733 mene,
309 683 345 721 an
360 664 425 721 illos
439 683 475 724 er
495 683 527 722 se
550 665 632 741 gigni
656 663 819 735 maluerint,
844 663 913 739 quid
937 679 1126 738 responsuros

200 753 327 825 creditis,
342 743 410 826 nisi,
421 774 485 812 sese
498 756 605 812 liberos
619 773 705 830 quam
716 764 850 831 optumos
857 755 1001 812 voluisset
1034 752 1126 815 Quod

200 841 224 898 si
235 843 299 918 jure
313 864 360 902 me
373 846 547 921 despiciunt,
560 846 756 904 samaritidem
766 846 923 921 majoribus
934 845 1003 915 suis,
1012 843 1126 918 quibua,

200 933 243 990 uti
266 935 346 1006 mihi,
371 955 407 994 ex
431 937 536 995 virtute
559 937 696 994 nobilitas
721 936 816 1011 eoepit.
869 934 1004 992 Invident
1023 932 1127 990 honori

201 1041 283 1094 meo;
303 1044 373 1103 ergo
388 1027 535 1084 invideant
547 1028 650 1099 labori,
673 1027 859 1099 innocentie,
879 1025 1018 1101 perieulis
1039 1024 1127 1082 etiam

199 1115 280 1185 meis,
308 1119 444 1191 quoniam
470 1139 521 1195 per
543 1120 606 1177 haro
635 1119 716 1175 illum
742 1118 815 1194 oepi.
859 1118 968 1175 Verum
994 1115 1127 1172 homines

199 1208 325 1280 eorrupti
337 1211 472 1284 superbia
484 1211 525 1266 ita
539 1221 651 1266 aetatem
667 1220 766 1285 agunt,
781 1209 862 1283 quasi
876 1218 987 1266 vestros
1000 1208 1127 1266 honores

198 1307 405 1367 eontemnant;
427 1299 468 1355 ita
482 1301 534 1354 hos
547 1309 659 1372 petunt,
670 1300 752 1371 quasi
765 1300 885 1356 honeste
896 1298 1027 1355 vixerint.
1059 1297 1126 1369 Nae,

198 1385 240 1444 illi
260 1388 325 1444 falsi
345 1397 422 1456 sunt,
444 1387 494 1460 qui
515 1387 734 1442 divorsissumas
754 1405 801 1442 res
821 1387 927 1459 pariter
948 1396 1126 1460 exspectant,

197 1476 324 1554 ignaviae
346 1476 532 1549 voluptatem,
555 1485 584 1531 et
607 1475 726 1549 praemia
746 1474 868 1531 virtutis.
919 1475 1017 1548 Atque
1041 1474 1127 1532 etiam

196 1584 290 1642 quum
313 1566 388 1642 apud
411 1585 470 1637 ros,
495 1575 544 1622 aut
568 1566 598 1622 in
623 1574 725 1621 senatu
743 1565 831 1622 verba
854 1563 974 1634 faciunt,
992 1564 1128 1639 pleraque

198 1656 332 1714 oratione
345 1657 470 1732 majores
484 1675 552 1713 suos
575 1654 732 1712 extollunt:
754 1673 855 1712 eorum
874 1655 960 1712 fortia
974 1656 1051 1712 saeta
1071 1673 1129 1712 rna·

199 1747 342 1806 morando
356 1748 493 1805 elariores
507 1766 571 1804 sese
584 1756 687 1823 putant
695 1766 706 1816 ;Ἰ
724 1746 802 1821 quod
825 1756 928 1802 eontra
950 1755 1001 1803 est.
1050 1745 1129 1804 Num

186 1848 308 1912 ‚quanto
334 1839 393 1896 vita
419 1839 532 1896 illorum
558 1837 734 1913 preclarior,
762 1847 843 1894 tento
867 1837 970 1892 horum
994 1834 1130 1894 socordia

199 1927 378 2004 flagitiosior.
411 1929 450 1986 Et
463 1929 593 2004 profecto
607 1929 687 1986 itase
698 1947 744 1986 res
758 1929 861 1985 habet:
882 1928 1023 2003 majorum
1037 1926 1129 2003 gloria

197 2018 325 2094 posteris
337 2019 419 2090 quasi
432 2019 531 2075 lumen
544 2030 599 2089 est,
612 2038 706 2093 neque
720 2021 797 2076 bona
816 2037 911 2094 neque
931 2019 1008 2076 mala
1027 2035 1128 2076 eorum

198 2108 232 2168 in
260 2106 378 2164 oooulto
401 2108 516 2182 patitur.
565 2108 698 2184 Hujusoe
724 2109 766 2166 rei
790 2128 845 2186 ego
872 2110 999 2185 inopiam
1022 2108 1127 2184 patior,

197 2197 351 2266 Quiritem
372 2216 470 2256 verum
485 2199 524 2270 id,
539 2199 617 2273 quod
631 2199 722 2256 multo
740 2200 908 2274 praeolarius
928 2211 982 2271 est,
1003 2209 1128 2257 meamet

199 2287 277 2346 faula
290 2288 361 2346 mihi
374 2289 471 2346 dioere
484 2289 561 2346 licet.
605 2289 695 2347 Nune
711 2290 817 2361 ridete,
839 2310 925 2364 quarn
946 2291 1039 2364 iniqui
1059 2290 1126 2346 sint.

198 2376 290 2446 Quod
304 2397 340 2440 ex
354 2379 447 2439 aliena
461 2380 565 2440 virtute
579 2380 634 2436 sibi
649 2381 797 2455 adrogant,
812 2381 842 2436 id
856 2381 926 2436 mihi
941 2399 977 2436 ex
990 2399 1055 2437 mea
1068 2397 1128 2438 non

199 2469 381 2526 oonoedunt:
404 2469 527 2540 scilieet,
549 2470 618 2544 quia
638 2469 780 2544 imagines
803 2488 862 2526 non
884 2470 988 2537 habeo,
1010 2479 1040 2524 et
1059 2469 1128 2540 quia

200 2559 358 2618 mihinam
372 2559 509 2616 nobilitas
523 2569 585 2626 est;
607 2577 693 2632 quam
708 2569 787 2615 certe
799 2558 946 2631 peperisse
956 2557 1060 2614 melius
1074 2565 1128 2630 ost,

200 2667 284 2726 quam
299 2660 450 2724 aooeptam
464 2648 636 2722 corrupisse.
678 2646 822 2720 Equidem
836 2665 891 2722 ego
904 2665 965 2705 nou
980 2647 1095 2722 ignoro,
1104 2645 1129 2703 si

204 2740 265 2816 jam
288 2741 359 2798 mihi
381 2739 555 2814 respondere
579 2737 679 2808 velint,
704 2737 819 2794 abunde
843 2737 900 2794 illis
924 2737 1079 2795 facundam
1099 2747 1130 2796 et

200 2831 389 2906 oompositam
417 2829 578 2887 orationem
595 2828 676 2912 ¹fore.
726 2829 785 2886 Sed
812 2828 843 2886 in
871 2848 1005 2888 maxumo
1031 2839 1129 2888 vestro

200 2921 354 2992 beneficio,
381 2939 469 2996 quum
496 2920 631 2978 omnibus
658 2919 732 2978 louis
758 2939 805 2980 me
831 2941 938 2998 vosque
965 2921 1129 2980 maledictis

199 3011 338 3082 lacerent,
352 3030 411 3072 non
424 3011 535 3086 plaouit
549 3012 688 3070 retinere:
710 3030 747 3070 ne
758 3013 822 3088 quis
833 3013 1003 3070 modestiam
1018 3012 1048 3067 in
1061 3028 1131 3067 oon·

199 3101 351 3160 seientiam
379 3101 507 3159 duoerot.
560 3102 640 3159 Nam
666 3121 713 3159 me
739 3103 867 3176 quidem,
893 3121 928 3158 ex
957 3100 1045 3156 animi
1071 3097 1129 3154 mei

200 3192 353 3262 sententia,
365 3191 445 3249 nulla
456 3192 549 3249 oratio
563 3190 668 3248 ledere
680 3201 793 3265 potest:
814 3191 920 3264 quippe
933 3207 1001 3246 vera
1009 3203 1130 3244 neeesse

199 3292 244 3340 est
257 3283 331 3340 bene
351 3282 506 3356 praedieet;
528 3280 628 3336 salsam
649 3281 708 3336 rita
731 3297 884 3351 moresque
905 3277 962 3334 mai
984 3285 1128 3348 superant.

200 3372 270 3444 Sed,
286 3373 424 3448 quoniam
438 3380 532 3430 rastra
545 3369 668 3428 oonsilia
688 3377 871 3437 aosusantur,
893 3366 942 3440 qui
963 3365 1035 3422 mihi
1054 3384 1130 3424 sum·

198 3480 278 3520 mum
293 3464 446 3532 honorem,
458 3471 487 3518 et
500 3477 667 3518 maxumum
681 3457 830 3534 negotium
845 3456 1030 3532 imposuistis,
1042 3458 1130 3517 etiam

199 3562 284 3638 atque
298 3553 389 3614 etiam
403 3561 544 3626 reputate,
558 3569 629 3608 num
642 3567 742 3608 eorum
756 3547 958 3626 poenitundum
971 3549 1016 3608 sit.
1058 3547 1129 3608 Non
