2682 4268
500 338 663 382 srnrmsuu
685 338 864 382 ruconrna.
1085 317 1147 384 115

196 519 197 522 =
217 481 327 541 multus
341 480 459 538 adesse:
481 499 575 554 neque
594 481 719 552 interim,
734 481 810 556 quod
828 499 916 556 prava
929 479 1049 538 ambitio
1063 481 1145 555 solet,

149 613 154 620 -
219 571 366 643 Consulis,
384 581 436 628 aut
454 572 623 646 cujusquam
646 573 715 628 boui
740 572 844 628 famam
868 572 992 630 ledere:
1021 582 1146 631 tantum·

218 663 306 720 modo
326 681 421 736 neque
441 662 574 733 consilio,
593 681 687 736 neque
708 681 795 719 manu
814 663 937 736 priorem
960 663 1046 720 alium
1066 663 1144 738 pati3

216 753 370 828 plerosque
386 755 559 810 antevenire.
598 752 678 814 Quis
691 753 778 811 rebus
790 763 821 810 et
834 753 943 811 artibus
957 755 1036 811 brevi
1050 754 1146 814 Mario

219 843 414 918 militibusque
429 844 604 901 carissumus
618 844 721 900 factus.

258 933 383 990 XCVII.
418 935 459 992 At
489 934 644 1010 Jugurtba,
671 944 822 1009 postquam
857 934 995 1009 oppidum
1022 934 1146 1009 Capsam

218 1023 347 1098 aliosque
370 1025 452 1082 locos
476 1026 603 1083 munitos
624 1035 654 1081 et
666 1025 722 1082 sibi
742 1025 827 1082 utiles
848 1025 944 1096 simul,
959 1041 988 1082 et
1012 1039 1146 1102 magnam

219 1115 372 1200 pecuniam
388 1117 530 1187 amiserat,
546 1117 583 1173 ad
603 1117 754 1174 Bocchum
771 1116 896 1174 nuncios
917 1116 1015 1186 mittit,
1030 1123 1049 1148 “
1059 1135 1146 1191 quam

217 1205 342 1280 primum
357 1207 387 1262 in
407 1207 577 1265 Numidiam
595 1207 694 1282 copias
715 1209 889 1265 adduceret:
909 1207 1001 1282 praelii
1016 1207 1147 1266 faciundi

217 1304 332 1371 tempus
346 1297 473 1352 adesse.'’
514 1297 615 1358 Quem
631 1298 680 1353 ubi
701 1298 834 1354 cunctari
856 1299 969 1372 accepit
982 1307 1012 1354 et
1025 1299 1146 1356 dubium

218 1385 287 1445 belli
314 1396 399 1459 atque
418 1384 500 1458 pacis
526 1385 652 1440 rationes
678 1387 810 1453 trahere;
841 1403 949 1456 rursus,
976 1388 1019 1442 uti
1052 1396 1146 1459 antea,

216 1492 377 1550 proxumos
390 1475 452 1549 ejus
465 1473 550 1530 donis
571 1473 736 1547 corrumpit,
751 1473 862 1548 ipsique
878 1473 983 1530 Mauro
995 1475 1147 1548 pollicetur

218 1564 250 1622 N
252 1564 369 1621 uinidiae
382 1574 494 1639 partem
507 1564 632 1634 tertiam,
647 1564 671 1620 si
691 1573 739 1620 aut
753 1563 882 1619 Romani
903 1563 1006 1621 Africa
1027 1565 1147 1640 expulsi,

220 1665 280 1722 aut,
295 1643 416 1731 integris
429 1655 490 1711 suis
509 1655 625 1725 finibus,
640 1653 747 1710 bellurn
767 1653 960 1728 compositum
981 1655 1062 1713 foret.
1104 1656 1148 1716 Eo

219 1745 340 1822 premio
354 1746 478 1803 inlectus
488 1746 635 1817 Bocchus,
650 1764 718 1802 curn
729 1763 835 1821 magua
849 1745 1032 1803 multitudine
1044 1746 1149 1822 Jugur·

221 1836 300 1894 tham
315 1837 437 1894 accedit.
478 1837 524 1895 Ita
538 1837 685 1894 amborum
700 1835 1007 1911 exercituooujuncto,
1023 1836 1148 1896 Marium

218 1925 278 2003 jam
305 1927 336 1984 in
360 1928 481 1986 hiberna
513 1928 756 2004 proticiscentem,
775 1926 822 1984 vix
852 1926 967 1984 decima
992 1937 1072 2003 parte
1100 1927 1148 1986 die

221 2016 342 2090 reliqua,
364 2017 518 2074 invadunt:
539 2019 594 2075 rati
617 2028 744 2089 noctem,
763 2036 826 2092 quae
847 2017 907 2094 jam
933 2018 1040 2089 aderat,
1063 2019 1149 2077 victis

221 2104 279 2163 sibi
293 2106 472 2163 munimento
486 2106 556 2178 sore,
570 2117 609 2178 et,
624 2109 649 2165 si
669 2108 815 2180 vicissent,
830 2108 910 2166 nullo
931 2108 1147 2186 impedimento,

220 2196 292 2270 quia
305 2196 435 2253 locorum
446 2197 571 2254 scientes
585 2209 667 2255 eraut
676 2218 684 2268 ;
707 2209 810 2256 contra
829 2198 974 2260 Romanis
993 2211 1148 2276 utrumque

196 2331 202 2336 .
222 2303 323 2344 casum
341 2286 371 2342 in
385 2287 510 2344 tenebris
523 2288 714 2346 difficiliorem
729 2289 798 2346 scre.
840 2289 932 2366 Igitur
947 2292 1031 2349 simul
1046 2291 1148 2349 consul

222 2393 259 2434 ex
279 2376 377 2434 multis
398 2377 434 2434 de
457 2376 583 2434 hostium
605 2380 728 2436 adventu
753 2380 900 2452 cognovit,
922 2391 951 2436 et
975 2382 1030 2454 ipsi
1052 2382 1149 2438 hostes

223 2467 357 2536 aderant;
377 2478 417 2539 et,
436 2468 600 2544 priusquam
621 2467 765 2524 exercitus
787 2477 837 2522 aut
857 2467 969 2538 instrui,
994 2479 1043 2526 aut
1062 2469 1150 2527 sarci·

223 2575 276 2615 nas
297 2557 445 2634 colligere,
466 2557 591 2630 denique
611 2565 763 2630 antequam
784 2555 909 2630 signum,
926 2566 973 2612 aut
997 2557 1149 2630 imperium

223 2648 314 2706 ullum
334 2648 468 2722 accipere
488 2646 588 2719 quirit,
603 2645 714 2718 equites
735 2643 833 2701 Mauri
848 2653 932 2718 atquc
953 2645 1069 2718 Getuli,
1090 2665 1150 2706 nou

225 2738 407 2814 sciensque
421 2733 688 2811 ullomoreproelii‚
704 2733 755 2790 sed
773 2735 950 2808 catervatim,
965 2735 1007 2795 uti
1022 2755 1150 2812 quosque

224 2829 283 2888 fors
307 2829 540 2905 conglobaverat,
565 2827 595 2884 in
616 2835 731 2884 nostros
753 2837 945 2898 concurrunt3
975 2828 1024 2903 qui
1050 2847 1151 2888 omnes

163 2939 173 2952 “
224 2918 330 2996 trepidi
352 2919 506 2995 improviso
522 2928 610 2990 metu,
626 2935 661 2976 ac
682 2927 779 2976 tamen
802 2918 915 2976 virtutis
934 2938 1086 2991 memores,
1103 2933 1151 2978 aut

225 3009 480 3086 ermacapiebant,
496 3020 545 3067 aut
563 3010 711 3086 capientes
726 3010 797 3069 alios
815 3010 852 3066 ab
872 3010 1002 3066 hostibus
1022 3010 1151 3067 defensa·

225 3101 313 3158 bant:
334 3119 400 3176 pars
410 3119 499 3176 equos
512 3101 696 3170 adscendere,
707 3101 822 3156 obviam
833 3099 875 3155 ire
886 3099 1032 3156 hostibus:
1053 3115 1151 3172 pugna

225 3189 379 3250 latrocinio
399 3189 501 3267 magis,
515 3207 602 3264 quam
621 3189 720 3263 prelio
742 3188 844 3246 similis
867 3186 945 3243 fieri:
967 3187 1030 3242 sine
1051 3187 1150 3260 signis,

225 3281 289 3339 sine
312 3281 462 3339 ordinibus
488 3278 600 3354 equites
627 3277 738 3352 pedites
760 3276 906 3352 permixti,
930 3275 1043 3332 caedere
1071 3276 1150 3350 alios,

227 3371 299 3428 alios
311 3372 496 3442 obtruncare,
510 3369 616 3427 multos
629 3375 732 3424 contra
753 3367 887 3423 advorsos
911 3383 1059 3422 acerrume
1081 3385 1152 3444 pug-

225 3459 338 3534 nantes,
353 3464 389 3520 ab
402 3471 484 3537 tergo
498 3456 708 3518 circumvenire
720 3475 727 3512 ι
748 3472 842 3530 neque
851 3454 950 3527 virtus,
965 3473 1059 3530 neque
1074 3477 1152 3516 arma

185 3555 190 3564 ’
225 3553 297 3610 satis
309 3563 418 3630 tegere,
432 3545 511 3625 quod
531 3550 630 3608 hostes
653 3563 775 3606 numero
788 3545 885 3624 plures
906 3557 935 3606 et
956 3549 1085 3623 undique
1098 3548 1154 3605 oir-
