2682 4268
246 365 307 430 108
521 383 687 430 sunnsrn
708 381 892 426 incusans.

242 527 294 586 sed
308 526 351 584 uti
365 527 508 602 cujusque
515 527 617 584 lubido
630 533 701 596 erat,
713 523 807 600 capite
821 537 926 582 censos
938 521 1103 599 plerosque
1139 525 1175 586 Id

243 615 352 678 sactum
371 618 419 676 alii
431 618 532 692 inopia
545 618 698 687 bonorum,
713 615 762 672 alii
774 632 825 689 per
840 613 1027 671 ambitionem
1042 617 1175 676 consulis

242 708 459 778 memorabmt3
487 707 565 782 quod
587 707 681 765 abeo
704 723 810 782 genere
830 705 993 762 celebratus
1013 717 1173 783 auctusque

242 809 322 870 erat;
343 808 372 857 et
382 799 494 856 homini
504 798 662 873 potentiam
676 795 816 871 querenti
826 796 1038 870 egentissumus
1049 799 1173 872 quisqm

241 890 521 966 opportunissumae,
536 889 585 946 cui
604 905 699 963 neque
718 904 772 943 sua
791 903 878 956 curro,
894 885 999 960 quippe
1014 905 1078 960 quae
1092 887 1173 946 nulla

243 990 320 1052 suut,
331 991 361 1039 et
381 981 479 1038 omnia
496 997 563 1038 cum
584 979 676 1055 pretio
690 978 811 1034 honesta
824 976 966 1034 videntur.
1001 976 1094 1052 Igitur
1109 977 1172 1036 Ma·

242 1071 303 1130 rius
317 1091 384 1130 curn
400 1072 546 1145 aliquanto
565 1069 673 1144 majore
687 1085 819 1137 numero,
834 1085 920 1140 quam
935 1066 1084 1124 decretum
1098 1078 1169 1141 erat,

243 1160 274 1219 in
284 1161 414 1218 Africam
437 1160 593 1234 profectus,
615 1159 718 1215 diebus
742 1157 845 1233 paucis
867 1157 983 1214 Uticam
1011 1158 1168 1217 advehitur.

242 1249 396 1318 Exercitus
414 1251 440 1306 ei
455 1250 576 1307 traditur
599 1249 660 1306 aP.
676 1247 791 1304 Rutilio
813 1247 924 1324 legato;
951 1266 1018 1304 nam
1033 1247 1170 1308 Metellus

242 1352 431 1415 conspectum
455 1339 543 1398 Marii
567 1339 689 1416 fugerat,
711 1358 749 1396 ne
773 1338 883 1396 videret
909 1355 953 1409 ea,
980 1356 1044 1412 quae
1072 1339 1169 1398 audita

243 1431 357 1489 animus
370 1432 493 1488 tolerare
507 1432 683 1506 nequiverat.

282 1521 469 1580 LXXXVII.
498 1522 557 1580 Sed
581 1521 694 1592 consul,
715 1521 835 1597 expletis
856 1521 1020 1598 legionibus
1044 1521 1168 1580 cohorti·

242 1613 352 1688 busque
374 1614 539 1685 auxiliariis,
555 1613 585 1670 in
600 1631 700 1689 agrum
719 1613 841 1670 fertilem
862 1623 892 1670 et
914 1613 1012 1687 preda
1032 1623 1168 1672 onustum

241 1703 452 1778 proficiscitur:
487 1703 528 1762 ibi
563 1704 661 1761 omnia
687 1713 772 1778 capta
798 1703 939 1762 militibus
965 1704 1070 1760 donat:
1100 1703 1167 1760 dein

242 1793 360 1852 castella
373 1803 402 1850 et
415 1794 521 1869 oppida
541 1804 643 1852 natura
660 1802 690 1851 ct
710 1793 778 1851 viris
797 1812 899 1868 parum
913 1793 1024 1852 munita
1038 1793 1167 1869 adgredi-

241 1894 304 1942 tur:
326 1885 425 1960 prelia
445 1885 544 1955 multa,
564 1894 692 1942 ceterum
714 1883 769 1940 alia
788 1883 863 1940 levia
885 1884 949 1940 aliis
968 1883 1041 1940 locis
1063 1884 1165 1942 lacere.

241 1973 361 2032 Interim
382 1975 450 2032 nori
470 1975 576 2032 milites
599 1975 661 2032 sine
684 1984 763 2032 metu
789 1992 894 2049 pugna
919 1975 1034 2031 adesse:
1068 1974 1167 2031 videre

241 2064 384 2142 fugientes
394 2066 468 2142 capi,
477 2065 590 2135 occidi;
606 2064 802 2122 fortissumum
811 2083 954 2138 quemque
965 2064 1164 2134 tutissumum;

242 2155 328 2212 armis
340 2157 512 2227 libertatem,
526 2155 648 2231 patriam
664 2164 857 2231 parentesque
871 2165 901 2211 et
915 2155 971 2212 alia
984 2155 1083 2212 omnia
1096 2154 1165 2232 tegi,

240 2243 363 2322 gloriam
378 2255 464 2318 atque
484 2245 598 2302 divitias
611 2245 709 2319 quaeri.
752 2246 804 2302 Sic
824 2245 903 2302 brevi
917 2245 1010 2320 spatio
1032 2245 1099 2302 novi
1121 2263 1166 2302 ve·

240 2344 372 2408 teresque
395 2333 540 2405 coaluere,
554 2344 584 2392 et
605 2335 694 2392 rittus
715 2336 846 2394 omnium
866 2336 984 2410 equalis
999 2335 1083 2394 sacta
1124 2336 1166 2393 At

239 2443 333 2500 reges,
346 2423 396 2482 ubi
410 2424 447 2482 dc
461 2425 584 2482 adventu
598 2424 686 2484 Marii
701 2436 909 2502 cognoverunt,
921 2417 1028 2482 divorsi
1041 2426 1071 2482 in
1085 2425 1166 2484 locos

240 2514 372 2578 difficiles
391 2517 505 2574 abeunt.
546 2515 592 2574 Ita
605 2515 755 2592 Iugurthae
775 2516 933 2590 placuerat,
947 2517 1084 2591 speranti,
1099 2533 1166 2574 mox

239 2607 346 2666 effusos
364 2607 454 2664 hostis
475 2607 572 2665 invadi
594 2625 693 2683 posse:
718 2607 879 2678 Romanos,
902 2607 988 2665 sicuti
1001 2607 1164 2683 plerosque,

239 2709 350 2756 remoto
364 2708 452 2768 metu,
468 2697 560 2756 laxius
573 2698 765 2772 licentiusque
780 2697 898 2755 futuros.

278 2787 480 2845 LXXXVIII.
508 2787 645 2846 Metellus
658 2788 768 2846 interea
781 2788 908 2846 Romam
928 2787 1085 2863 profectus,
1096 2807 1165 2848 con·

238 2885 283 2931 tra
296 2893 375 2948 spem
390 2893 481 2946 suam,
501 2876 664 2934 laetissumis
679 2878 782 2936 animis
800 2878 958 2954 excipitur3
979 2879 1057 2954 plebi
1078 2884 1165 2954 patri·

239 2965 359 3037 busque,
373 2974 523 3038 postquam
548 2966 657 3024 invidia
676 2967 849 3042 decesserat,
868 2970 949 3045 juxta
969 2989 1062 3027 emus.
1105 2969 1164 3028 Sed

238 3053 350 3114 Marius
374 3054 495 3130 impigre
521 3055 735 3133 prudenterque
762 3077 880 3117 suorum
908 3071 937 3118 et
964 3060 1091 3117 hostium
1118 3077 1165 3118 res

237 3147 343 3223 pariter
369 3145 541 3204 adtendere:
563 3165 741 3223 cognoscere
765 3150 834 3223 quid
862 3151 931 3208 boni
953 3151 1091 3224 utrisque,
1115 3161 1165 3208 aut

238 3249 340 3296 contra
352 3246 443 3296 esset:
465 3237 613 3312 explorare
627 3239 731 3296 itinera
744 3257 855 3316 regum,
867 3241 989 3298 consilia
1001 3251 1031 3298 et
1044 3239 1164 3298 insidias

238 3345 338 3386 eorum
354 3327 536 3386 antevenire:
557 3328 629 3386 nihil
652 3329 728 3403 apud
749 3348 781 3386 se
802 3331 963 3400 remissum,
978 3349 1073 3404 neque
1088 3328 1163 3406 apud

239 3417 304 3475 illos
324 3427 417 3476 tutum
438 3418 514 3493 pati:
543 3417 645 3493 Itaque
666 3429 695 3476 et
718 3419 857 3490 Gaudos,
871 3431 901 3478 et
922 3420 1107 3496 Jugurtham,
1128 3436 1164 3478 ex

237 3506 325 3568 sociis
338 3508 443 3564 nostris
455 3507 567 3581 praedas
588 3518 716 3584 agentes,
734 3527 810 3582 sape
832 3510 984 3586 adgressus
1006 3509 1037 3566 in
1059 3509 1164 3566 itinere

237 3592 359 3666 fuderat,
373 3596 523 3670 ipsumque
544 3615 641 3674 regem
664 3599 741 3657 haud
765 3599 867 3674 procul
893 3601 928 3658 ab
951 3599 1059 3675 oppido
1081 3599 1165 3658 (litte
