2656 4276
232 339 275 406 att
510 353 675 401 mannaan
696 353 876 402 mouerat.

232 497 315 570 dunt,
336 515 431 574 neque
451 495 557 558 lenitur
580 497 693 556 uniatur
713 496 803 568 seror,
824 493 925 554 statuit
945 493 1049 572 quovis
1075 495 1162 556 mom

230 589 380 666 inceptum
400 589 549 666 perficere.

271 681 345 741 XII.
372 681 470 740 Primo
490 689 646 752 conventu,
667 695 752 754 quem
772 678 808 736 ab
828 677 936 756 regulis
954 676 1063 736 Iactum
1077 695 1163 754 supra

230 773 400 844 memoravi,
413 782 529 850 propter
548 771 756 830 dissensionem
776 770 925 845 placuerat
941 769 1031 828 dividi
1048 767 1162 828 thesau-
1183 810 1189 825 .

231 883 291 937 roe,
316 865 438 941 finisque
458 863 570 939 imperr'r
593 854 884 939 singulis'eonetitui.
924 860 1026 936 Itaque
1049 872 1162 937 tempus

234 957 270 1016 ad
285 967 437 1030 utramque
457 973 517 1014 rem
532 954 707 1023 decernitur,
722 954 771 1010 sed
794 952 934 1009 maturius
956 951 991 1010 ad
1007 953 1162 1027 pecuniam

233 1047 471 1106 distribuendam.
513 1044 622 1130 Reguli
647 1045 757 1101 interea
778 1043 809 1100 in
831 1043 897 1100 loca
919 1043 1081 1118 propinqua
1103 1045 1162 1102 the

233 1137 327 1196 cauria
350 1137 422 1193 alius
443 1135 500 1192 alio
521 1128 701 1191 concessere.
743 1133 802 1191 Sed
825 1133 984 1208 Hiempsal,
1006 1134 1036 1190 in
1057 1133 1162 1210 oppido

234 1226 399 1298 Thirmida,
414 1225 487 1282 forte
501 1223 562 1300 ejus
576 1224 661 1282 domo
674 1224 817 1294 utebatur,
832 1224 892 1298 qui,
906 1243 1062 1300 proxumus
1079 1225 1162 1282 lictor

234 1316 396 1393 Iugurthae,
418 1334 503 1373 carus
525 1325 720 1391 acceptusque
745 1314 773 1371 ei
801 1333 913 1390 semper
941 1317 1050 1385 suerat;
1078 1333 1161 1390 quem

233 1407 284 1466 illo
305 1425 375 1465 casu
403 1406 567 1464 ministrnm
587 1405 716 1464 oblatum
737 1406 884 1480 promissis
904 1417 1006 1463 onerat
1032 1406 1162 1482 impellit·

234 1517 291 1574 que
305 1499 347 1558 uti
358 1510 504 1572 tamquam
513 1515 594 1554 suam
603 1497 698 1554 visens
712 1496 830 1554 domum
843 1507 899 1567 eat,
913 1507 1061 1571 portarum
1076 1497 1162 1556 clavia

235 1589 411 1648 adulterinas
426 1598 524 1663 paret;
545 1605 611 1646 uam
634 1605 707 1645 rerae
730 1587 764 1644 ad
784 1587 982 1662 Hiempsalem
1003 1588 1163 1646 refereban-

234 1690 297 1749 tur;
320 1689 460 1749 ceterum,
481 1678 531 1736 ubi
554 1695 600 1736 res
620 1678 787 1753 postularet,
807 1695 837 1734 se
859 1678 953 1751 ipsum
970 1695 1038 1734 cum
1060 1695 1163 1755 magna

234 1779 493 1829 munerenturum.
527 1767 658 1826 Numida
668 1769 803 1824 mandata
813 1761 892 1825 bre'ri
902 1769 1047 1838 confecit;
1071 1779 1162 1844 atque,

234 1861 278 1920 uti
292 1862 396 1918 doctus
409 1869 480 1930 erat,
494 1869 584 1918 noctu
598 1858 749 1935 Iugurthae
767 1859 873 1916 milites
893 1857 1061 1917 introdusit
1101 1857 1162 1922 Qui

234 1963 385 2028 postquam
400 1951 431 2008 iu
445 1951 514 2009 aedis
534 1950 673 2024 irrupere,
687 1949 793 2006 divorsi
814 1967 912 2024 regem
932 1968 1081 2026 quaerere:
1102 1949 1164 2008 dor·

234 2041 352 2100 mientis
367 2041 448 2111 alios,
464 2039 535 2098 alios
554 2039 736 2098 occursantis
757 2039 937 2098 interlicere:
959 2041 1083 2098 scrutari
1101 2041 1164 2099 loca

236 2131 350 2201 abdita;
383 2131 483 2188 clausa
509 2130 681 2206 effringere:
711 2129 831 2204 strepitu
858 2140 887 2186 et
917 2130 1041 2201 tumultu
1069 2127 1165 2190 omnia

236 2221 376 2280 miscere:
392 2221 481 2293 quum
494 2220 643 2292 Hiempsal
655 2219 771 2277 interim
780 2220 930 2295 reperitur,
942 2221 1094 2278 occultans
1103 2237 1165 2279 sese

235 2311 353 2386 tugurio
374 2309 503 2366 mulieris
518 2309 640 2381 ancille,
654 2328 722 2384 quo,
737 2309 832 2381 initio,
854 2311 974 2386 pavidus
997 2321 1026 2368 et
1048 2312 1166 2388 ignarus

235 2400 295 2460 loci
316 2399 488 2476 perfugerat.
530 2399 666 2458 Numidm
687 2411 774 2478 caput
795 2402 867 2478 ejus,
882 2411 913 2460 ut
928 2401 1001 2477 jussi
1022 2413 1116 2475 eraut,
1131 2399 1165 2460 ud

235 2490 411 2568 Iugurtham
432 2490 567 2548 referunt.

276 2582 363 2640 XIII.
392 2581 529 2640 Ceterum
552 2581 628 2640 fama
646 2583 719 2640 tanti
740 2581 878 2642 facinoris
890 2601 941 2658 per
955 2602 1070 2642 omnem
1090 2583 1166 2642 Al‘ri·

236 2693 302 2732 cam
324 2673 403 2732 brevi
430 2673 609 2750 divulgatur:
638 2673 835 2731 Adherbalem
859 2674 1021 2749 omnisque,
1043 2676 1093 2749 qui
1114 2673 1166 2732 sub

237 2764 359 2838 irnperio
372 2763 505 2838 Micipsae
527 2763 650 2833 fuerant,
666 2776 759 2821 metus
781 2765 905 2834 invadit;
927 2768 957 2822 in
978 2765 1051 2822 duat
1072 2774 1166 2840 partea

237 2852 391 2910 discedunt
408 2850 563 2909 Numidae:
587 2853 683 2928 plures
705 2853 901 2912 Adherbalem
923 2866 1093 2929 sequuntur,
1117 2854 1166 2914 aed

237 2941 319 2999 illum
347 2940 467 2997 alterum
495 2940 572 2999 bello
598 2942 741 3000 meliores.
790 2943 882 3019 Igitur
909 2944 1054 3021 Iugurtha
1082 2962 1167 3021 quam

237 3049 386 3092 maxumas
411 3040 506 3106 potest
532 3031 632 3107 copias
659 3043 766 3102 armat3
798 3035 884 3091 urbes
902 3037 1006 3110 partim
1034 3037 1072 3106 vi,
1098 3036 1167 3094 alias

237 3125 384 3183 voluntate
400 3122 520 3197 imperio
537 3141 589 3180 suo
604 3122 749 3198 adjungit;
770 3125 850 3182 omni
865 3126 1013 3184 Numidiae
1027 3127 1167 3202 imperare

237 3227 327 3292 parat.
369 3213 529 3284 Adherbal,
551 3223 648 3272 tamen
676 3215 730 3273 etsi
754 3215 880 3274 Romam
902 3216 1013 3292 legatos
1040 3218 1166 3288 miserat,

238 3307 286 3380 qui
310 3316 441 3364 senatum
465 3305 604 3364 docerent
625 3305 661 3364 de
683 3308 764 3364 caede
785 3307 879 3365 fratris
900 3317 930 3365 et
948 3306 1074 3365 fortunis
1092 3307 1166 3377 suit3

238 3403 345 3466 tamen,
361 3397 450 3454 fretus
463 3397 648 3455 multitudine
661 3397 795 3468 militum,
809 3399 929 3471 parabat
944 3397 1031 3454 armis
1051 3409 1168 3456 conten·

238 3482 316 3539 dere.
358 3485 427 3556 Sed,
441 3487 491 3544 ubi
508 3505 555 3544 res
569 3488 603 3545 ad
625 3498 772 3568 certamen
793 3487 881 3556 venit,
900 3487 994 3544 rictus
1013 3506 1050 3545 ex
1069 3485 1169 3562 praelio

238 3571 366 3650 profugit
376 3574 405 3632 ia
416 3577 605 3650 provinciam,
615 3595 649 3635 ac
660 3575 766 3636 deinde
774 3575 902 3636 Romam
912 3576 1071 3640 contendit.
1088 3576 1169 3638 Tum
