2656 4276
457 387 623 432 amusan
645 389 806 434 namuri.
838 357 841 365 ’
1055 373 1098 434 ut

163 523 221 586 bus
246 527 327 588 baud
343 529 421 598 'sarie
445 529 597 606 quisquam
624 531 730 588 Rome
755 531 862 590 vinna
888 547 1011 610 magnus
1033 531 1095 594 fuit.

167 617 239 690 Sed,
253 621 392 678 memoria
413 638 487 691 mea,
502 621 614 697 ingenti
630 622 746 692 virtute,
765 621 887 679 divorsis
907 622 1036 681 moribus
1054 624 1098 682 fu·

136 749 140 754 -
168 727 218 768 ere
237 711 291 768 riri
309 711 378 783 duo,
393 709 435 768 M.
450 710 536 782 Cato,
550 722 580 776 et
593 710 628 768 G.
643 710 759 780 Caesen
790 730 873 787 quos,
887 712 1031 787 'quoniam
1050 733 1097 775 res

141 845 143 852 ,
167 801 322 873 obtulerat,
349 801 465 859 silentio
490 801 635 877 praeterire
663 820 723 858 non
749 801 804 860 suit
831 803 996 875 eonsilium,
1023 805 1096 880 quin

170 892 320 966 utriusqus
342 903 474 950 naturam
498 901 527 948 et
550 907 654 962 mores,
669 902 810 966 quantum
831 891 951 968 ingenio
969 912 1095 969 possem

140 988 144 1000 “
173 981 323 1057 aperirem.
749 1057 752 1062 Ι

210 1071 287 1132 LIV.
308 1071 401 1152 Igitur
416 1071 461 1134 his
474 1089 576 1154 genus,
587 1085 666 1146 aetas,
682 1069 857 1154 eloquentia,
871 1093 963 1156 prope
976 1075 1099 1154 aqualia

170 1161 269 1233 firerer
290 1167 460 1244 magnitudo
478 1169 567 1226 animi
588 1188 650 1244 par,
665 1170 735 1226 item
756 1171 867 1246 gloria3
889 1169 940 1228 md
962 1170 1019 1227 alia
1038 1169 1096 1228 alii.

169 1253 265 1312 Caesar
280 1257 429 1316 benefieiis
451 1268 536 1334 atque
558 1259 758 1317 munifieentia
771 1279 895 1336 magnus
915 1261 1096 1331 habebatur·;

169 1343 334 1423 integritate
358 1348 423 1405 vite
444 1348 529 1404 Cato.
569 1347 624 1404 Ille
646 1351 867 1406 mansuetudine
886 1359 917 1406 et
936 1352 1098 1408 miserioor·

168 1434 217 1493 dia
244 1437 342 1494 elatus
362 1437 475 1493 iaetus:
504 1437 575 1492 huie
594 1437 730 1492 severitas
749 1438 919 1512 dignitatem
940 1440 1099 1496 addiderat.

169 1523 271 1583 Caesar
284 1525 392 1593 dando,
407 1524 595 1593 sublevando,
611 1524 806 1599 ignosceud03
827 1525 903 1581 Cato
925 1526 997 1582 nihil
1015 1527 1102 1602 largi·

169 1615 252 1672 undo
264 1613 388 1690 gloriam
402 1613 523 1688 adeptus
536 1623 589 1670 est.
630 1613 666 1670 In
681 1612 771 1672 altero
788 1614 901 1670 miseris
917 1614 1101 1690 perfugium,

170 1705 201 1764 iu
216 1705 307 1763 altero
326 1704 411 1762 malis
429 1703 594 1779 pernicies:
616 1704 694 1762 illius
714 1704 848 1776 facilitas,
864 1705 948 1782 bajus
969 1717 1103 1764 constan·

170 1795 213 1852 tia
231 1795 411 1854 laudabatur.
453 1793 613 1866 Postremo,
628 1795 727 1852 Cesar
748 1795 779 1853 in
800 1797 929 1853 animum
950 1797 1103 1856 induxerat

170 1885 312 1958 laborare,
345 1885 482 1963 vigilare3
516 1886 642 1962 negotiis
683 1886 842 1944 amicorum
878 1887 1016 1958 intentas,
1050 1905 1104 1946 aua

158 1977 345 2056 ¹negleger03
366 1977 437 2034 nibil
450 1977 604 2053 denegare,
614 1976 692 2051 quod
706 1977 787 2034 dono
793 1977 919 2054 ‚dignum
932 1989 1024 2048 esset3
1044 1977 1102 2038 sibi

171 2084 310 2143 magnum
324 2067 487 2140 imperium,
501 2067 670 2139 exereitum,
684 2086 790 2125 nerum
807 2069 915 2127 bellum
936 2069 1100 2146 exoptabat,

172 2158 224 2216 nbi
248 2157 338 2214 virtus
360 2157 521 2213 enitescere
542 2167 645 2232 posset.
688 2159 729 2216 At
753 2158 860 2217 Catoni
885 2159 1013 2217 studium
1041 2178 1102 2220 mo·

172 2247 281 2318 destiae,
297 2247 421 2318 decoris,
436 2249 486 2304 sed
503 2265 635 2306 maxume
654 2249 814 2306 severitatis
834 2261 903 2308 erat.
945 2251 1014 2308 Non
1029 2251 1102 2310 diri-

172 2335 221 2398 tiis
235 2355 302 2396 oum
323 2338 421 2410 divite,
444 2355 538 2412 neque
560 2339 686 2398 faotione
705 2359 771 2398 oum
793 2342 932 2412 factioso3
960 2343 1101 2400 aeduum

173 2437 290 2486 strenuo
313 2429 428 2499 virtute,
452 2447 520 2488 eum
545 2431 678 2488 modesto
703 2431 824 2506 pudore,
850 2451 918 2489 uum
942 2431 1102 2490 innocente

175 2520 347 2578 abstinentia
366 2521 511 2578 certabat:
533 2537 606 2591 ease,
620 2539 705 2595 quam
725 2522 827 2591 videri,
842 2523 937 2578 bonus
957 2521 1100 2578 malebat:

174 2609 224 2683 ite,
239 2629 296 2685 quo
309 2611 404 2667 minus
418 2611 539 2687 gloriam
551 2612 678 2684 petebat,
693 2627 729 2666 eo
742 2611 835 2685 magis
848 2611 1033 2682 sequebatur.

214 2701 276 2758 LV.
310 2701 477 2776 Postquam,
491 2714 524 2756 ut
537 2699 607 2770 dixi,
619 2708 735 2755 senatus
749 2700 779 2754 in
794 2699 915 2756 Catonis
929 2697 1102 2758 sententiam

176 2789 317 2862 diseessit,
339 2792 439 2850 eonsul
466 2801 616 2866 optumum
644 2789 752 2847 fastum
777 2798 865 2859 ratus,
888 2800 1013 2860 noctem,
1038 2807 1102 2864 quas

158 2891 161 2895 '
175 2880 309 2953 instabat,
324 2893 506 2956 anteespere,
520 2899 558 2938 ne
578 2881 647 2954 quid
667 2899 704 2937 eo
717 2881 809 2956 spatio
823 2893 987 2953 novaretur,
1001 2882 1103 2940 trium·

175 2971 260 3044 viros,
281 2991 345 3047 que
372 2973 545 3048 supplicium
569 2973 739 3046 postulabat,
766 2991 868 3049 parare
898 2974 999 3050 jubet:
1028 2974 1101 3048 ipse,
1142 3049 1144 3052 Ι

175 3062 320 3139 dispositis
333 3063 484 3138 presidiis,
494 3063 649 3120 Lentulum
665 3064 694 3120 in
709 3083 856 3122 eareerem
871 3065 1008 3121 dedueit:
1023 3064 1101 3120 iden

174 3151 207 3210 fit
229 3153 334 3210 ceteris
359 3173 411 3229 per
436 3163 579 3229 preterea.
622 3153 676 3209 Est
698 3154 781 3210 loeus
812 3155 842 3210 in
864 3169 992 3219 caruere,
1023 3149 1102 3221 quod

175 3239 345 3301 Tullianum
372 3244 539 3318 adpellatur,
568 3244 618 3300 nbi
650 3244 811 3316 paullulum
845 3241 1029 3298 descenderis
1065 3237 1102 3298 ad

174 3330 286 3404 levam,
306 3333 421 3391 oireiter
441 3333 593 3391 duodecim
613 3333 703 3405 pedes
723 3331 803 3386 humi
824 3331 984 3403 depressus.
1025 3327 1104 3388 Eum

173 3424 310 3482 muniunt
325 3425 455 3499 undique
468 3423 602 3499 parietes,
615 3432 699 3493 atque
713 3420 828 3492 insuper
843 3436 967 3488 eamera,
981 3417 1104 3493 lapideis

173 3513 335 3574 {ominibus
364 3515 479 3571 vineta:
510 3512 561 3568 sed
589 3508 711 3574 ineultu,
734 3507 871 3578 tenebris,
902 3510 993 3566 odore
1027 3509 1103 3568 soeda

173 3613 258 3682 atque
272 3604 412 3664 terribilis
426 3604 488 3679 ejus
501 3601 591 3660 sanies
604 3608 656 3657 eat.
697 3597 732 3655 In
753 3615 819 3655 eum
839 3598 936 3657 locum
949 3609 1103 3676 postquam
