2656 4276
460 377 624 421 succussu
644 377 826 424 suesanus.
1063 359 1104 422 81

171 525 331 594 postremo,
350 534 404 593 pro
424 517 566 594 cujusque
586 519 715 598 ingenio,
734 519 911 596 pollicendo,
932 517 1104 593 minitando,

172 607 356 681 obtestando,
385 609 474 668 alium
508 610 565 668 alio
592 612 680 670 modo
698 613 845 683 excitare;
876 631 967 689 quum
989 609 1104 670 iuterim

175 695 322 771 Metellus,
338 699 457 777 ignarus
470 700 605 774 hostium,
620 712 719 760 moute
738 701 909 778 degrediens
933 719 1001 758 cum
1025 719 1104 760 exer·

174 787 237 848 citu
251 791 449 865 conspicitur:
469 792 565 866 primo
588 792 704 864 dubius,
718 793 855 868 quidnam
877 791 994 849 insolita
1013 791 1104 850 facies

175 879 352 952 ostenderet,
367 880 446 958 (narn
462 882 536 940 inter
557 883 681 959 virgulta
700 883 768 958 equi
788 882 983 955 Numidaeque
1003 899 1104 940 conse·

176 969 405 1046 detentusque
430 973 516 1048 plane
542 974 686 1032 occultari
713 972 875 1030 hnmilitate
903 973 1047 1042 arborum,
1074 981 1104 1028 et

176 1070 272 1118 tamen
298 1061 411 1134 incerti,
434 1064 573 1138 quidnam
595 1075 689 1135 esset;
711 1082 801 1140 quum
824 1073 929 1122 natura
951 1061 1021 1132 loci,
1041 1071 1104 1121 tum

176 1149 254 1222 dolo,
275 1151 329 1228 ipsi
350 1163 435 1228 atque
455 1155 539 1231 signa
560 1155 696 1213 militaria
716 1155 897 1233 obscureti);
923 1153 1001 1224 dein,
1023 1151 1103 1210 brevi

176 1241 301 1317 cognitis
324 1243 447 1315 insidiis,
468 1245 623 1320 paullisper
649 1264 752 1322 agmen
773 1245 941 1303 coustituit:
963 1244 1003 1302 ibi
1024 1261 1103 1302 com·

175 1331 292 1389 mutatis
318 1333 481 1402 ordinibus,
508 1334 539 1389 in
567 1335 685 1390 dextero
711 1335 800 1392 latere
826 1335 905 1408 quod
929 1351 1102 1410 proxumum

174 1419 267 1478 hostis
294 1431 366 1490 eret,
390 1421 553 1494 triplicibus
576 1422 712 1478 subsidiis
736 1423 829 1478 aciem
852 1423 1006 1479 instruxit:
1027 1423 1103 1479 inter

173 1509 342 1584 manipulos
362 1507 522 1566 funditores
542 1519 572 1566 et
591 1509 755 1584 sagittarios
775 1509 924 1583 dispertit:
945 1510 1105 1582 equitatum

173 1617 295 1658 omnem
309 1599 340 1656 in
354 1599 492 1656 cornibus
505 1599 600 1657 locat:
622 1617 657 1656 ac
670 1617 764 1673 pauca
779 1616 831 1674 pro
851 1610 980 1673 tempore
999 1598 1106 1656 milites

173 1690 317 1762 hortatus,
333 1690 437 1762 aciem,
451 1690 538 1748 sicuti
552 1691 735 1758 instruxerat,
754 1689 924 1748 transvorsis
943 1689 1104 1766 principiis,

175 1780 207 1838 in
220 1781 339 1857 planum
352 1780 480 1838 deducit

216 1871 250 1929 L.
285 1871 355 1944 Sed,
376 1871 427 1928 ubi
453 1871 599 1928 Numidas
621 1871 744 1944 quietos,
768 1887 863 1946 neque
891 1868 965 1926 colle
987 1868 1106 1945 degredi

175 1962 390 2033 animadvortit,
404 1963 521 2034 veritus,
535 1981 572 2020 ex
586 1961 654 2019 anni
668 1971 795 2036 tempore
809 1969 839 2018 et
852 1959 951 2034 inopia
965 1978 1056 2034 aquis,
1067 1977 1105 2016 ne

173 2051 225 2110 siti
243 2053 439 2110 conficeretur
459 2053 613 2123 exercitus,
627 2051 772 2110 Rutilium
792 2051 919 2127 legatum
934 2069 1002 2108 cum
1021 2067 1105 2125 expe-

172 2142 246 2200 ditis
260 2141 430 2200 cohortibus
444 2152 472 2199 et
485 2153 565 2217 parte
586 2142 714 2218 equiturn
727 2142 865 2217 premisit
879 2142 913 2198 ad
928 2143 1045 2213 flumen,
1061 2141 1104 2200 uti
1166 2165 1173 2179 ·

173 2231 274 2292 locum
301 2232 405 2290 castris
435 2243 634 2308 antecaperet;
669 2233 853 2303 existumans,
880 2233 969 2292 hostis
999 2233 1103 2290 crebro

169 2321 285 2397 impetu
297 2331 329 2380 et
342 2323 513 2380 transvorsis
531 2323 637 2398 preliis
656 2323 710 2380 iter
732 2342 816 2383 suum
837 2335 1040 2394 remoraturos,
1062 2333 1102 2394 et,

175 2412 313 2487 quoniam
327 2412 414 2469 armis
434 2413 606 2484 diffiderent,
620 2413 820 2472 lassitudinem
837 2423 868 2470 et
886 2415 963 2472 sitim
978 2414 1103 2470 militum

175 2511 372 2578 temptaturus.
413 2502 529 2560 Deinde
539 2504 600 2577 ipse
613 2521 665 2578 pro
680 2521 710 2559 rs
722 2513 805 2576 atque
816 2495 892 2572 lcc'o,
904 2503 990 2560 sicuti
1005 2511 1104 2558 monte

175 2592 375 2664 desoenderat
390 2593 539 2668 paullatim
551 2592 724 2666 procedere:
746 2591 873 2648 Marium
885 2600 948 2664 post
960 2589 1105 2662 principia

177 2682 299 2742 hahere:
325 2684 387 2758 ipse
414 2701 483 2740 cum
507 2682 630 2738 sinistre
653 2680 704 2736 alte
731 2679 877 2753 equitibus
898 2697 972 2748 esse,
997 2678 1046 2753 qui
1073 2677 1104 2736 in

177 2774 291 2850 agmine
314 2774 461 2850 principes
483 2771 552 2828 l'scti
574 2779 663 2827 erant.
705 2769 746 2828 At
767 2767 920 2845 Jugunha,
942 2769 992 2826 ubi
1013 2778 1105 2830 extre·

175 2881 255 2922 mum
278 2883 382 2940 agmen
405 2863 517 2923 Metelli
544 2862 653 2937 primos
672 2879 739 2918 suos
760 2871 993 2939 pretergreswm
1014 2860 1102 2934 videt,

175 2955 311 3030 presidio
332 2955 414 3028 quasi
436 2954 525 3012 duum
545 2953 665 3010 millium
680 2952 808 3028 peditum
826 2964 952 3012 montem
967 2963 1102 3028 occupet,

177 3064 234 3120 qua
245 3045 382 3103 Metellus
391 3044 596 3114 descenderam
617 3063 654 3102 ue
666 3043 739 3102 sorte
750 3044 920 3102 cedentibus
933 3042 1104 3100 advorsariis

176 3135 317 3210 receptui,
333 3154 367 3193 ac
380 3146 445 3210 post
465 3136 644 3193 munimento
666 3135 755 3192 soret:
778 3135 855 3204 dein,
877 3141 995 3206 repente
1019 3129 1104 3202 signo

176 3225 256 3295 dato,
284 3225 374 3284 hostis
400 3226 517 3284 invadit.
558 3225 695 3282 Numide
723 3223 771 3281 alii
791 3234 953 3297 postremos
974 3217 1102 3288 cedere3

174 3334 243 3392 pars
258 3336 274 3374 a
287 3317 404 3376 sinistra
418 3335 452 3374 ac
465 3316 584 3372 dextere
605 3322 763 3386 temptare:
785 3311 889 3368 lulensi
905 3308 1004 3366 adesse
1020 3315 1104 3380 atque

176 3406 301 3466 instare:
323 3407 459 3466 omnibus
472 3404 545 3462 locis
559 3403 760 3460 Romanctem
781 3401 897 3457 ordines
914 3396 1104 3470 conturbare3

174 3517 299 3575 atrorum
313 3498 403 3555 etiam
425 3496 474 3571 qui
488 3492 663 3554 firmioribus
685 3489 788 3552 animis
800 3489 877 3546 ebrii
900 3485 1030 3544 hostibus
1044 3486 1105 3548 sue·

176 3600 251 3663 rant,
273 3586 417 3649 ludificati
437 3587 549 3646 incerto
567 3581 678 3662 prelio,
692 3578 748 3656 ipsi
767 3580 854 3640 modo
866 3579 981 3640 eminus
994 3578 1105 3638 saucia·
