2682 4268
448 401 613 445 amusan
640 399 819 445 mensum.
1035 378 1098 445 125

162 544 342 624 «Iugurtham
365 543 396 602 ld
417 543 525 602 intrare
544 544 647 603 sinam.
688 543 841 619 Praeterea,
856 543 880 602 si
898 541 969 620 quid
992 557 1096 620 meque

164 638 304 714 vobisque
317 636 438 714 diguam
457 637 603 713 pulveris,
618 637 696 712 baud
709 636 975 713 tepulmsahihisfl

204 728 287 786 CXI.
320 729 369 788 Ad
382 745 418 786 ea
431 728 513 786 Sulla
525 745 579 804 pro
592 745 624 786 se
638 729 762 786 breviter
775 739 805 786 et
818 729 950 799 mediee3
972 728 1008 786 de
1021 741 1097 804 paea

164 829 197 880 et
209 820 246 878 de
260 820 464 879 communibus
477 819 564 878 rebus
582 819 681 878 multis
700 819 844 879 disseruit.
885 819 1020 894 Denique
1035 818 1097 896 regi

163 909 314 990 patefecit,
327 910 405 986 qaod
425 911 607 988 pollieeatur‚
628 921 760 969 senatum
781 921 810 969 et
828 909 968 988 populum
988 909 1098 966 Roma·

165 1019 249 1073 uum,
263 1002 399 1077 qnoniam
424 1003 547 1078 amplius
567 1003 655 1061 nmis
674 1001 841 1074 valuissent,
856 1019 916 1058 non
931 1001 960 1058 in
975 999 1101 1078 gratiam⁴

166 1091 337 1152 habituros:
357 1093 525 1153 faciundum
541 1093 660 1170 aliquid,
672 1094 750 1169 quod
764 1093 880 1152 illorum
894 1092 996 1170 magis,
1011 1107 1098 1167 quam

166 1201 230 1256 sue,
251 1181 383 1242 retulisse
403 1185 566 1244 videretur:
588 1185 618 1243 id
640 1184 712 1243 adeo
732 1185 917 1261 inpromptu
937 1201 1011 1255 esse,
1031 1200 1100 1258 quo·
1132 1257 1134 1260 Ι

166 1273 247 1332 niam
270 1273 423 1351 Jugunhae
445 1276 560 1351 copiam
573 1277 708 1333 haberet:
730 1293 816 1350 quem
840 1275 864 1332 si
879 1273 1023 1332 Romanis
1042 1283 1100 1332 tra·
1133 1263 1137 1271 ¹

166 1363 298 1436 didisset,
322 1364 396 1435 lore,
419 1374 452 1421 ut
475 1364 518 1421 illi
548 1364 901 1439 plurimumsdeberetun
931 1363 1100 1437 amieitiam,

167 1453 271 1526 faedus,
286 1453 436 1510 Numidia
454 1463 578 1529 partem,
592 1471 678 1529 quam
698 1471 779 1510 nune
798 1462 920 1528 peteret,
934 1463 1005 1510 tune
1025 1453 1101 1511 ultro

168 1545 385 1603 adventuram.”
417 1543 485 1601 Rex
495 1543 589 1619 primo
598 1544 748 1621 negitare:
765 1548 784 1576 “
796 1541 984 1615 adfinitatem,
995 1561 1102 1620 eogna·

166 1635 289 1708 tionem,
310 1643 452 1711 praterea
475 1635 568 1693 faedus
590 1633 799 1692 intervenisse:
822 1633 938 1691 adhue
961 1645 1102 1708 metuere,

167 1743 208 1785 ne
221 1725 299 1783 fluxa
318 1727 376 1783 fide
395 1745 476 1797 usus,
486 1725 671 1802 popularium
692 1725 803 1782 animos
824 1733 976 1796 averteret,
990 1725 1054 1800 quis
1074 1735 1104 1785 et

169 1814 317 1894 Iugurtha
326 1835 421 1889 uerus,
433 1827 463 1875 et
470 1815 601 1875 Romani
613 1815 698 1874 invisi
712 1816 822 1874 erant.''
854 1815 990 1890 Denique
999 1815 1105 1891 sepius

137 1913 141 1916 ’
168 1905 317 1984 fatigatus,
330 1908 434 1968 leniter
447 1917 477 1966 et
490 1925 526 1965 ex
538 1907 687 1964 voluntate
697 1905 787 1964 Sulla
801 1905 900 1964 omnia
913 1923 945 1963 se
959 1905 1104 1965 saetarum

167 1999 321 2075 premittit.
362 1999 499 2056 Ceterum
516 1999 552 2056 ad
572 1996 762 2056 simulandam
775 2015 889 2075 panem,
905 1997 987 2075 nujus
1000 1997 1105 2056 Numi·

168 2088 217 2161 da,
233 2087 364 2145 defessus
382 2087 469 2159 bello,
484 2087 684 2170 avidissumus,
698 2107 761 2164 quae
781 2088 865 2147 utilia
880 2089 950 2162 visa,
966 2090 1105 2148 eonstitu-
1148 2123 1153 2132 ·

168 2187 232 2238 unt.
275 2177 598 2254 Ita,eump0sit0d010,
614 2179 824 2257 digrediuntur.

209 2261 309 2326 CXII.
332 2268 373 2326 At
387 2287 436 2328 rex
446 2279 562 2348 postero
575 2269 791 2352 dieAsparem,
806 2271 959 2349 Iugurtha
975 2271 1105 2350 legatum

170 2357 298 2434 adpellat
308 2358 452 2435 dieitque:
474 2366 494 2394 “
505 2361 562 2418 sibi
575 2377 628 2436 per
641 2359 788 2418 Dabarem
800 2379 835 2420 ex
846 2363 930 2420 Sulla
942 2363 1105 2439 cognitum,

169 2466 257 2526 posse
276 2449 494 2507 eondltienibas
517 2449 626 2506 bellum
648 2451 737 2524 poni:
759 2453 947 2525 quamobrem
968 2453 1046 2528 regis
1060 2451 1106 2509 sui

163 2539 346 2598 ¹sententiam
370 2541 560 2614 exquireret.'’
602 2537 657 2595 Ille
678 2538 762 2596 letus
784 2538 814 2596 in
835 2549 930 2596 eastra
954 2540 1106 2616 Jugurthae

170 2629 259 2688 venit.
301 2629 381 2689 Dein
403 2629 439 2686 ab
461 2627 512 2684 illo
530 2635 637 2685 anneta
660 2627 792 2698 edoctus,
816 2637 971 2704 properato
992 2629 1107 2702 itinere,

171 2729 239 2798 pest
252 2720 331 2777 diem
349 2725 485 2776 octavum
508 2718 585 2775 redit
599 2716 635 2774 ad
656 2717 819 2790 Boeebum,
834 2727 864 2774 et
885 2718 913 2775 ei
937 2717 1106 2794 denunciat,

174 2809 383 2887 “Iugurtham
404 2825 513 2885 eupere
533 2808 640 2881 omnia,
662 2827 726 2884 quaa
747 2809 966 2885 imperarentur,
991 2809 1105 2884 faeere3

173 2901 226 2960 sed
241 2899 338 2957 Mario
353 2917 456 2976 parum
470 2900 634 2958 confidere:
656 2919 732 2976 saepe
747 2913 832 2958 antea
846 2919 913 2960 eum
928 2901 1107 2978 imperatori·
1157 2955 1158 2958 ,

174 2989 230 3049 bus
243 2990 388 3048 Romanis
404 3009 508 3066 pacem
522 2999 694 3050 conventam
708 2991 813 3050 frustra
827 2993 923 3052 suinae.
966 2993 1106 3052 Ceterum

175 3079 313 3138 Benohus
334 3081 359 3138 si
382 3081 522 3138 ambobus
543 3084 717 3155 eonsultum,
732 3091 761 3140 et
779 3093 871 3140 ratam
891 3101 995 3158 paoem
1009 3081 1106 3153 vellet,

174 3169 257 3229 daret
270 3187 398 3246 operam,
409 3181 442 3228 ut
455 3189 514 3229 una
527 3173 564 3228 ab
578 3173 722 3243 omnibus,
738 3174 820 3246 quasi
840 3172 876 3230 de
889 3191 963 3247 paee
977 3172 1007 3228 in
1019 3168 1108 3228 eollo-

174 3261 278 3338 qui'um
302 3261 459 3335 veniretur,
491 3262 588 3336 ibique
621 3261 677 3318 sibi
710 3263 821 3319 Sullam
844 3259 988 3318 traderet:
1018 3275 1106 3334 quum

174 3351 370 3412 alemanam
389 3353 419 3412 in
437 3361 609 3430 potestatem
622 3351 781 3422 habuisset,
794 3361 856 3408 tum
878 3351 950 3422 fore,
962 3349 1005 3408 uti
1023 3351 1107 3428 jussu

175 3452 295 3502 senatus
310 3452 395 3517 atque
411 3443 510 3522 populi
534 3441 662 3500 Romani
682 3439 775 3498 loedus
787 3441 885 3499 fieret:
906 3459 1001 3517 neque
1016 3441 1108 3501 homi·

175 3549 244 3593 nem
265 3532 405 3604 nobilem,
426 3549 486 3591 non
506 3551 559 3590 sua
579 3531 703 3610 ignavia,
718 3529 769 3590 sed
789 3531 827 3590 ob
847 3533 1056 3611 rempublicam
1076 3533 1107 3592 in

175 3622 306 3685 hostium
317 3631 469 3700 potestate,
482 3622 616 3682 relietum
630 3623 694 3682 iri.'’

419 3713 454 3770 ll
470 3711 488 3749 '³
