2682 4268
478 323 642 368 sinuosum
662 323 843 370 manarat.
1083 303 1126 366 95

196 475 408 542 acceptumque
427 466 614 542 popularibus
635 466 696 524 suis
706 485 714 537 ;
736 467 785 541 qui
804 465 974 542 plerumque
993 479 1124 524 seorsum

197 557 235 616 ab
249 575 318 635 rege
332 556 489 614 exercitum
509 559 640 630 ductare,
654 567 684 614 et
703 557 798 614 omnis
817 575 864 614 res
881 555 1003 631 exsequi
1023 555 1124 614 solitus

196 658 269 719 erat,
284 666 347 722 quae
360 647 512 725 Jugmthae
533 647 620 720 fesso,
636 657 685 706 aut
704 648 862 724 majoribus
875 646 1013 706 adstricto
1027 663 1125 721 super·

197 748 334 798 averant:
356 756 392 796 ex
405 756 463 812 quo
477 737 518 796 illi
532 738 625 815 gloria
637 756 762 813 opesque
776 739 908 798 invente.
947 736 1040 815 Igitur
1055 739 1125 794 utrl-

197 846 291 904 usquo
321 827 442 888 oonsilio
464 827 528 886 dies
559 829 673 886 insidiis
699 829 851 887 statuitur:
883 837 989 900 cetera,
1010 829 1053 886 uti
1077 847 1125 888 res

196 928 343 994 posceret,
356 937 392 976 ex
410 929 540 994 tempore
558 920 655 995 parari
674 920 792 995 placuit
833 919 983 977 Nabdalsa
997 918 1033 976 ad
1045 936 1125 976 exer·

198 1009 290 1066 citum
309 1009 465 1084 profectus,
480 1028 565 1086 quem
584 1011 659 1068 inter
674 1011 796 1068 hiberna
808 1010 1010 1069 Romanorum
1028 1009 1126 1085 jussus

198 1098 331 1171 habebat,
352 1119 390 1158 ne
413 1119 491 1177 ager,
515 1100 614 1158 inultis
633 1101 774 1172 hostibus,
789 1110 956 1160 vastaretur.
997 1100 1028 1158 Is
1048 1109 1125 1177 post·

198 1206 293 1262 quam,
314 1191 514 1266 magnitudine
534 1191 670 1248 facinoris
689 1193 848 1268 perculsus,
871 1191 907 1248 ad
927 1200 1041 1266 tempus
1063 1206 1123 1250 non

197 1279 285 1350 venit,
304 1290 456 1355 metusque
476 1298 539 1336 rem
562 1281 752 1355 impediebat3
772 1282 919 1338 Bomilcar
939 1283 1024 1340 simul
1046 1279 1125 1356 cupi-

197 1369 252 1427 dus
265 1370 385 1443 incepta
403 1368 547 1442 patrandi,
560 1379 590 1424 et
609 1369 712 1424 timore
732 1371 804 1426 socii
826 1371 936 1439 anxius,
955 1389 1004 1440 ne,
1018 1370 1126 1427 omisso

195 1470 297 1517 vetere
322 1457 457 1527 consilio,
481 1473 588 1514 novum
622 1467 771 1530 quareret,
795 1457 905 1513 litteras
929 1459 965 1512 ad
989 1475 1056 1512 eum
1075 1475 1126 1532 per

195 1547 333 1608 homines
346 1546 441 1604 fidelis
453 1545 551 1618 mittit,
571 1546 602 1603 in
623 1546 687 1620 quis
708 1552 726 1579 ‘⁴
739 1545 889 1604 mollitiem
909 1545 1129 1620 socordiamque

196 1640 253 1698 riri
268 1656 425 1697 accusare:
446 1637 545 1695 testari
560 1637 640 1708 deos,
654 1655 705 1711 per
725 1655 798 1712 quos
814 1636 986 1712 juravisset:
1008 1654 1128 1696 mouere

198 1749 238 1788 ne
250 1729 369 1806 premia
382 1727 495 1788 Metelli
515 1727 546 1786 in
558 1738 670 1803 pestem
690 1737 889 1787 converteret:
908 1727 1060 1803 Jugurthae
1081 1746 1129 1786 ex-

199 1819 284 1878 itium
305 1821 415 1892 adesse,
429 1829 559 1878 ceterum
579 1837 679 1892 suane,
699 1838 736 1876 an
755 1818 861 1875 virtute
880 1817 993 1875 Metelli
1012 1817 1129 1892 periret,

200 1911 231 1968 id
244 1911 331 1968 modo
345 1911 464 1988 agitari:
485 1910 607 1986 proinde
621 1917 767 1986 reputaret
781 1926 849 1966 cum
868 1908 965 1966 animo
979 1925 1043 1980 suc,
1057 1924 1129 1984 pre·

200 2001 271 2072 mia,
286 2019 324 2058 an
337 2001 509 2072 cruciatum,
523 2001 649 2058 mallet.’'

241 2088 355 2148 LXXI.
385 2089 454 2160 Sed,
468 2105 557 2164 quum
570 2089 614 2147 hae
632 2089 733 2148 litterae
753 2089 862 2161 adlata,
877 2089 950 2148 sorte
968 2087 1127 2162 Nabdalsa,

201 2180 330 2240 exercito
341 2197 462 2256 corpore
476 2179 577 2248 sessus,
592 2181 622 2238 in
636 2181 713 2238 lecto
724 2181 907 2255 quiescebat;
929 2181 989 2252 ubi,
1001 2179 1128 2258 cognitis

202 2270 374 2330 Bomilcaris
397 2270 502 2342 verbis,
523 2270 618 2346 primo
638 2287 718 2343 cura,
734 2272 848 2343 deinde,
871 2272 913 2329 uti
935 2291 1044 2348 aegrum
1069 2270 1130 2328 ani·

203 2379 282 2420 mum
309 2361 391 2432 solet,
416 2379 534 2420 somnus
558 2361 642 2436 cepit
692 2362 764 2418 Erat
787 2363 815 2419 ei
841 2361 973 2418 Numida
998 2361 1127 2435 quidam,

203 2452 385 2528 negotiorum
399 2461 525 2522 curator,
538 2451 614 2508 fidus
628 2460 830 2524 acceptusque,
844 2460 874 2506 et
891 2450 1021 2507 amnium
1035 2447 1130 2507 consi·

203 2541 317 2615 liorum,
331 2542 388 2600 nisi
402 2540 570 2610 novissumi,
584 2541 736 2613 particeps.
777 2538 841 2598 Qui
854 2549 1006 2612 postquam
1020 2541 1130 2599 adlatas

203 2631 312 2692 litteras
327 2631 436 2690 audivit
449 2639 524 2686 etex
534 2624 744 2686 consuetudine
758 2638 836 2683 ratus
848 2645 936 2702 opera
950 2637 999 2683 aut
1012 2628 1130 2704 ingenio

203 2740 255 2780 suo
276 2739 351 2798 opus
375 2737 449 2792 esse,
463 2718 494 2777 in
513 2717 730 2777 tabernaculum
752 2716 878 2774 introiit:
900 2717 1059 2776 dormiente
1079 2718 1130 2779 illc

204 2813 363 2888 epistolam,
378 2829 463 2886 super
478 2818 565 2885 caput
587 2808 616 2866 in
637 2809 755 2884 pulvino
769 2817 877 2866 temere
897 2807 1030 2884 positam,
1042 2810 1130 2870 sumit

205 2921 239 2960 ac
261 2902 401 2978 perlegit;
423 2901 491 2960 dein
514 2917 644 2976 propere,
669 2899 795 2977 coguitis
821 2899 944 2974 insidiis,
968 2901 1003 2958 ad
1030 2919 1131 2980 regem

203 2986 304 3068 pergit.
345 2991 503 3064 Nabdalsa,
527 3001 592 3067 pcst
617 2993 714 3067 paullo
738 3003 931 3068 experrectus,
957 2991 1008 3048 ubi
1034 3009 1130 3065 neque

205 3083 354 3158 epistolam
367 3083 483 3158 reperit,
496 3091 527 3140 et
546 3100 608 3140 rem
628 3101 754 3153 omnem,
768 3083 811 3138 uti
826 3094 891 3140 acta
910 3091 982 3149 erat,
997 3079 1131 3154 (exaper-

204 3170 293 3250 i'ugis)
316 3173 462 3248 cognovit,
483 3172 578 3248 primo
601 3172 728 3228 indicem
745 3171 880 3245 persequi
898 3179 1036 3235 conatus;
1056 3177 1131 3240 post·

160 3291 164 3298 -
204 3280 290 3337 quam
304 3263 334 3320 id
348 3263 452 3322 frustra
462 3262 526 3331 fuit,
537 3261 711 3334 Jugurtham
728 3258 863 3331 placandi
885 3255 977 3331 gratia
998 3254 1129 3314 accedit:

203 3352 285 3425 dicit,
307 3360 401 3429 “qnae
427 3355 488 3428 ipse
508 3348 666 3426 paravisset
686 3346 792 3412 facere,
815 3345 937 3420 perfidia
957 3343 1071 3402 clientis
1084 3345 1130 3406 sui

201 3446 390 3521 preventa:'’
412 3445 578 3502 lacrumans
597 3439 756 3496 obtestatur
779 3442 860 3510 “per
882 3433 1048 3506 amicitiam,
1067 3453 1130 3514 per.

201 3553 259 3612 que
272 3554 326 3594 sua
341 3544 425 3592 antea
438 3532 560 3590 fideliter
574 3540 649 3602 acta,
662 3547 700 3586 ne
715 3545 799 3602 super
817 3525 868 3585 tali
889 3525 999 3586 scelere
1015 3544 1130 3604 suspeo·

201 3635 264 3685 tum
285 3642 351 3684 sese
371 3623 518 3682 haberet.''
