2682 4268
16 373 23 438 l

231 362 293 424 114
509 379 674 422 smnusrn
696 378 876 422 tuemur.

228 521 338 588 cuncti,
353 520 454 592 armati
475 520 664 596 inermesque.
704 521 796 596 Quod
814 521 865 580 ubi
879 520 997 594 accidit,
1011 539 1050 580 eo
1064 522 1161 582 aerius

228 611 356 672 itonam
397 613 514 681 instare,
546 612 677 683 fundere,
706 631 741 670 ac
773 613 925 688 plerosque
958 616 1162 674 tantummodo

228 704 369 774 sauciare,
394 703 462 760 dein
488 722 574 780 super
601 703 766 762 occisorum
790 715 914 778 corpore
940 703 1055 776 vedere,
1085 706 1160 762 avidi

228 793 327 871 gloriae
352 803 497 853 certantes
517 813 631 854 murum
650 805 766 871 petere;
788 812 882 869 neque
902 812 1076 870 quemqnam
1100 815 1160 854 om·

228 886 309 944 nium
323 885 420 960 preda
434 887 549 944 morari.
591 886 643 944 Sic
656 886 730 944 sorte
743 894 875 944 correcte
893 884 982 943 Marii
1001 887 1159 958 temeritas,

228 974 351 1052 gloriam
366 996 401 1034 ex
415 976 502 1052 culpa
516 977 634 1034 invenit.

268 1067 363 1124 XCV.
396 1067 544 1138 Ceterum,
558 1067 627 1124 dum
641 1085 677 1123 ea
696 1085 743 1124 res
756 1067 876 1144 geritur,
891 1066 924 1124 L
940 1067 1022 1125 Sulla
1036 1079 1160 1141 quaestor

229 1175 297 1216 cunr
312 1175 417 1234 magno
430 1157 558 1231 equitatu
574 1157 605 1214 in
626 1167 721 1214 caetra
734 1158 832 1228 venit;
854 1177 926 1232 quos
949 1158 992 1215 uti
1015 1177 1053 1216 ex
1076 1159 1159 1216 Latio

228 1257 258 1310 et
272 1265 290 1304 a
302 1247 391 1305 sociis
408 1256 537 1324 cogeret,
551 1247 657 1306 Rome
677 1247 797 1306 relictus
818 1258 888 1306 erat.
930 1248 999 1320 Sed,
1022 1250 1159 1324 quoniam

226 1355 282 1396 uos
295 1338 369 1394 tanti
383 1337 436 1394 viri
450 1356 496 1394 res
511 1338 670 1410 admonuit,
683 1339 820 1397 idoneum
834 1340 926 1396 visum
940 1347 994 1410 est,
1008 1339 1160 1397 denatura

228 1428 367 1504 cultuque
390 1429 453 1505 ejus
473 1429 575 1505 paucis
597 1429 715 1486 dicere:
736 1448 831 1504 neque
853 1429 931 1487 enim
957 1429 1014 1486 alio
1038 1431 1103 1488 loco
1124 1431 1159 1490 de

229 1520 318 1578 Sullae
340 1520 426 1578 rebus
447 1520 554 1578 dicturi
578 1539 697 1592 sumns3
718 1531 748 1578 et
775 1521 808 1579 L.
837 1521 971 1592 Sisenna,
992 1531 1112 1596 optume
1131 1531 1160 1579 et

229 1611 459 1687 diligentissume
482 1611 612 1670 omnium
635 1611 687 1686 qui
710 1629 761 1668 eas
784 1629 831 1670 res
854 1611 953 1668 dixere
979 1622 1158 1688 persecutus,

228 1720 329 1777 parum
355 1701 427 1761 milri
448 1701 541 1759 libero
571 1721 622 1760 ere
645 1702 760 1760 locutus
786 1702 906 1760 videtur.
958 1701 1052 1779 Igitur
1079 1704 1160 1760 Sulla

229 1792 325 1869 gentis
348 1793 478 1869 petriciae
501 1793 608 1851 nobilis
631 1793 695 1865 fuit,
710 1792 819 1850 familie
839 1811 929 1869 prope
939 1793 999 1868 jem
1016 1794 1160 1851 exstincta

229 1885 371 1960 majorum
386 1884 511 1961 ignaria
522 1884 626 1942 litteris
635 1884 746 1943 Grecis
756 1895 841 1958 atque
855 1882 968 1941 Latinis
978 1884 1062 1960 juxta
1074 1893 1159 1958 atque

229 1975 406 2034 doctissume
419 1975 558 2048 eruditus,
574 1975 671 2032 auimo
691 1974 813 2050 ingenti,
828 1973 952 2050 cupidus
969 1974 1158 2048 voluptatum,

229 2068 282 2124 sed
295 2067 395 2143 gloriae
407 2065 538 2142 cupidior
551 2085 557 2123 :
578 2065 639 2123 ctio
652 2065 799 2124 luxurioso
812 2083 892 2135 esse;
914 2075 1011 2123 tamen
1025 2064 1062 2122 ab
1071 2083 1159 2142 nego·

229 2156 278 2213 tiis
304 2175 460 2230 numquam
485 2156 617 2231 voluptas
643 2166 797 2228 remorata,
825 2155 882 2213 nisi
908 2155 986 2232 quod
1009 2155 1047 2212 dc
1070 2174 1158 2213 uxore

229 2246 324 2322 potuit
344 2246 494 2304 honestius
515 2247 645 2303 consuli:
667 2247 819 2318 facundus,
834 2246 966 2318 callidus,
979 2256 1010 2304 et
1031 2247 1159 2308 amicitia

231 2336 345 2406 sacilis3
367 2335 404 2392 nd
418 2335 581 2392 simulanda
599 2337 715 2412 negotia
736 2337 857 2395 altitudo
870 2336 981 2414 ingenii
1005 2336 1159 2395 incredibi-

229 2427 285 2486 lis:
313 2426 467 2485 multarum
500 2443 607 2498 rerum,
635 2445 670 2484 ac
704 2445 836 2486 maxume
866 2427 998 2502 pecunie
1031 2427 1157 2505 largitor.

231 2520 329 2594 Atque
352 2518 395 2576 illi
421 2517 598 2576 felicissumo
618 2518 747 2576 omnium
776 2527 842 2576 ante
866 2517 980 2576 civilem
1008 2519 1159 2578 victoriam

230 2629 388 2686 numquam
409 2628 494 2684 super
516 2608 686 2666 industriam
703 2608 820 2667 fortuna
832 2608 902 2678 fuit;
925 2609 1065 2683 multique
1079 2610 1160 2667 dubi·

231 2711 336 2773 terere,
352 2702 461 2772 fortior,
478 2720 513 2758 an
528 2700 640 2758 felicior
651 2711 746 2758 esset:
768 2717 845 2770 nam,
857 2709 957 2774 postea
970 2717 1033 2774 qum
1049 2699 1158 2772 fecerit,

231 2793 378 2857 incertumv
388 2793 491 2861 habeo,
505 2792 622 2866 pudeat,
638 2809 673 2846 un
687 2791 784 2866 pigeat
798 2790 947 2848 disserere.

270 2880 381 2937 XCVI.
395 2881 496 2958 'Igitur
511 2881 602 2951 Sulla,
617 2879 660 2936 uti
671 2899 756 2954 snpra
770 2880 948 2952 dictumest,
962 2891 1114 2956 postquam
1129 2881 1159 2938 in

232 2971 363 3028 Africam
378 2979 463 3042 atque
476 2969 507 3025 in
528 2979 623 3026 castra
643 2968 731 3026 Marii
745 2989 812 3027 eum
827 2969 957 3045 equitatu
977 2971 1066 3043 venit,
1081 2971 1160 3028 rudis

231 3071 317 3120 antea
330 3070 359 3118 et
374 3060 490 3136 ignarus
509 3058 587 3130 belli,
604 3059 827 3118 sollertissumus
851 3061 980 3118 omnium
1005 3061 1035 3118 in
1059 3061 1160 3136 paucis

231 3151 450 3229 tempestatibus
470 3149 564 3208 sactus
583 3158 636 3208 est
678 3148 726 3207 Ad
751 3151 818 3222 hoc,
840 3151 946 3208 milites
966 3151 1094 3230 benigne
1114 3150 1160 3208 nd·

231 3245 338 3320 pellere
348 3263 354 3314 ;
377 3242 475 3300 multis
484 3241 663 3317 rogantibus,
676 3241 740 3298 aliis
749 3259 800 3316 per
814 3259 845 3297 se
856 3241 917 3317 ipse
928 3241 997 3298 dare
1008 3241 1160 3310 beneficia,

231 3335 338 3394 invitus
353 3333 502 3408 accipere:
525 3332 577 3389 sed
597 3350 632 3389 ea
650 3331 860 3408 properantius,
875 3349 961 3407 quam
975 3351 1015 3389 aes
1029 3342 1160 3389 mutuum

232 3426 369 3494 reddere;
392 3425 454 3499 ipse
479 3423 515 3480 ab
536 3423 616 3480 nullo
637 3432 783 3498 repetere;
805 3421 898 3496 magis
920 3421 950 3478 id
973 3422 1116 3491 laborare,
1130 3431 1162 3477 ut

232 3513 274 3572 illi
287 3533 372 3586 quam
386 3513 503 3587 plurimi
523 3513 680 3570 deberent:
700 3512 769 3587 joca
789 3521 874 3586 atque
888 3511 964 3570 seria
976 3531 1043 3569 cum
1058 3511 1162 3567 hnmil-

231 3589 319 3662 lumis
339 3621 442 3678 egere:
465 3603 495 3658 in
517 3603 663 3676 operibus,
688 3602 718 3660 in
742 3600 857 3678 agmine
879 3613 965 3677 atque
989 3602 1036 3659 ad·
1049 3601 1162 3678 vigilias
