2656 4276
224 317 269 384 tt
507 333 671 378 uanusru
691 333 875 380 susurras.

226 495 314 559 porro
327 476 440 536 animm
453 475 592 552 cupidine
601 494 698 534 cecus
707 475 743 534 ad
754 476 901 552 inceptum
912 475 1008 536 scelus
1016 478 1154 554 rapiebat

226 569 307 628 Vicit
320 579 418 626 tamen
432 568 463 626 in
478 567 561 624 arido
575 567 694 644 ingenio
706 585 826 642 pravum
845 567 1009 626 consilium.
1051 569 1155 648 Igitur,

227 659 357 720 emroitu
371 658 562 729 circumdato,
576 675 690 716 summe
701 657 730 714 vi
743 657 855 716 Cirtam
869 657 1030 734 irrumpere
1042 660 1155 735 nititur,

227 771 360 812 muare
375 769 502 828 sperans,
517 751 636 809 diducta
649 769 736 808 manu
750 751 886 822 hostium,
901 760 950 808 aut
959 751 999 824 ri,
1011 762 1060 810 aut
1070 753 1155 826 dolis,

228 862 291 905 sese
305 861 405 902 casum
424 842 552 900 victorie
573 842 764 901 inventurum.
804 841 896 903 Quod
916 842 967 899 ubi
987 861 1073 900 secus
1092 862 1156 919 pro·

228 935 316 1006 cedit,
336 951 441 1010 neque,
466 933 542 1008 quod
564 933 737 1004 intenderat,
758 933 873 990 efficere
891 942 996 1009 potest,
1013 943 1046 991 ut
1065 934 1155 1009 prius,

228 1045 314 1101 quam
322 1026 433 1102 legatos
442 1023 618 1094 conveniret,
630 1023 805 1080 Adherbalis
813 1023 970 1099 potiretur:
985 1043 1023 1082 ne
1035 1025 1156 1100 amplius

228 1116 378 1186 morando,
393 1115 546 1184 Scaurum,
561 1131 645 1187 quem
665 1113 822 1188 plurimum
843 1115 999 1186 metuebat,
1020 1116 1156 1174 incende-

228 1216 282 1277 ret,
294 1224 361 1262 cum
371 1204 473 1279 paucis
487 1203 632 1278 equitibus
645 1204 675 1261 in
686 1204 865 1280 provinciam
885 1205 971 1262 venit.
1006 1206 1064 1277 Ao,
1086 1217 1156 1264 tarn·

228 1296 282 1354 etsi
296 1295 388 1353 senati
402 1295 496 1352 verbis
510 1313 611 1371 graves
625 1295 710 1352 minae
724 1295 949 1366 nunciabantur,
963 1298 1041 1371 quod
1057 1298 1094 1354 ab
1108 1315 1156 1373 op·

228 1386 406 1464 pugnatione
414 1403 474 1442 non
483 1385 643 1457 desisteret,
652 1386 742 1443 multa
754 1396 851 1443 tamen
862 1387 994 1444 oratione
1004 1405 1156 1465 consump-

229 1488 268 1550 ta,
283 1477 371 1553 legati
385 1476 490 1534 frustra
503 1476 671 1534 discessere.

268 1567 384 1626 XXVI.
412 1567 615 1643 Eapostquam
626 1568 714 1625 Cirtae
723 1568 821 1626 audita
832 1579 907 1634 sunt,
919 1568 1025 1641 Italici,
1035 1587 1156 1644 quorum

229 1658 334 1716 virtute
360 1658 467 1716 moenia
493 1659 726 1730 defensabantur,
754 1658 866 1730 contisi,
896 1659 1043 1717 deditione
1071 1661 1155 1734 facta,

228 1759 345 1825 propter
372 1740 602 1826 magnitudinem
628 1749 728 1824 populi
755 1749 883 1807 Romani
912 1750 1067 1810 inviolatos
1094 1769 1157 1809 sese

230 1839 301 1912 fore,
316 1841 474 1898 Adherbali
489 1841 620 1911 suadent,
635 1841 677 1896 uti
691 1859 789 1915 seque,
804 1850 833 1898 et
847 1840 985 1916 oppidum
1005 1841 1156 1919 Jugurtha

229 1932 341 2001 tradat;
363 1941 475 1990 tantum
487 1932 523 1988 ab
533 1949 567 1988 eo
577 1931 664 1988 vitam
677 1931 840 2006 paciscatur
852 1951 859 2000 ;
882 1931 918 1988 de
928 1933 1033 1990 ceteris
1045 1931 1157 1990 senatui

230 2039 307 2078 curae
322 2021 390 2079 fore.
432 2022 472 2077 At
487 2021 544 2092 ille,
558 2021 673 2078 tametsi
686 2021 784 2078 omnia
796 2021 910 2096 potiora
928 2022 985 2080 fide
1006 2022 1157 2100 Jugurthae

230 2111 364 2180 rebatur;
398 2121 496 2168 tamen
522 2111 590 2185 quia
615 2129 704 2186 penes
731 2112 859 2182 eosdem,
886 2111 911 2168 si
946 2113 1157 2187 advorsaretur,

230 2200 356 2276 cogenffi
369 2211 495 2275 potestas
512 2211 583 2271 erat,
598 2201 647 2271 ita,
662 2201 704 2257 uti
721 2212 893 2259 censuerant
911 2201 1016 2275 Italici,
1036 2205 1157 2263 deditio·

230 2307 298 2348 nem
312 2289 390 2346 facit.
432 2289 450 2345 J
452 2291 576 2365 ugurtha
589 2291 619 2346 in
632 2290 734 2365 primis
749 2291 946 2349 Adherbalem
960 2295 1158 2353 excruciatum

230 2389 335 2438 necat:
357 2379 462 2436 deinde
483 2380 577 2437 omnis
596 2381 721 2455 puberes
744 2381 889 2439 Numidas
912 2393 941 2440 et
964 2385 1159 2460 negotiatores

230 2471 404 2546 promiscue,
418 2470 459 2527 uti
475 2470 596 2545 quisque
611 2472 726 2530 armatis
740 2473 842 2532 obrius
856 2474 959 2546 fuerat,
975 2473 1152 2556 (interficit.)

270 2560 400 2620 XXVII.
427 2561 519 2623 Quod
532 2571 683 2636 postquam
698 2562 802 2620 Rome
815 2565 963 2640 cognitum
973 2575 1016 2622 est
1030 2577 1060 2623 et
1074 2566 1159 2624 resin

231 2663 333 2710 senatu
349 2652 450 2728 agitari
465 2661 569 2727 eoepta,
579 2651 654 2710 idem
667 2653 709 2709 illi
719 2653 842 2711 ministri
854 2655 930 2731 regis
939 2655 1158 2730 interpellando,

232 2759 266 2800 ac
281 2761 356 2817 saepe
371 2742 472 2816 gratia,
487 2742 631 2798 interdum
649 2743 753 2819 jurgiis
766 2745 907 2802 trahendo
921 2756 1044 2821 tempus,
1058 2747 1160 2804 atroci·

231 2839 319 2888 tatem
342 2830 410 2885 facti
431 2830 585 2887 leniebant
632 2832 690 2902 Ac,
715 2833 747 2890 ni
771 2834 805 2891 C.
831 2835 997 2908 Memmius,
1026 2837 1159 2894 tribunus

230 2918 323 2994 plebis
337 2918 513 2994 designatus,
523 2919 566 2976 vir
582 2939 657 2991 acer,
669 2931 698 2978 et
712 2922 832 2982 infestus
842 2927 978 3001 potentie
990 2927 1158 2998 nobilitatis,

230 3008 369 3084 populum
393 3008 558 3066 Romanum
583 3011 756 3084 edocuisset,
784 3015 814 3072 id
842 3017 898 3092 agi,
926 3027 959 3074 ut
980 3035 1160 3092 perpaucos

187 3144 195 3155 .
232 3099 369 3158 factiosos
383 3099 533 3176 Jugurthae
548 3101 642 3158 scelus
664 3104 888 3178 condonaretur,
910 3108 1044 3182 profecto
1064 3108 1159 3165 omnis

232 3189 341 3250 invidia
353 3191 529 3266 prolatandis
544 3193 804 3253 consultationibus
818 3198 928 3272 dilapsa
942 3199 1024 3256 soret.
1061 3199 1159 3256 Tanta

232 3281 399 3359 sisgratiae,
414 3292 499 3356 atque
518 3283 651 3358 pecunia
672 3286 749 3361 regis
770 3297 839 3346 crat.
881 3289 950 3360 Sed,
971 3289 1021 3345 ubi
1043 3299 1160 3346 senatus

232 3371 332 3428 delicti
346 3372 525 3430 conscientia
544 3375 682 3449 populum
706 3375 798 3447 timet,
818 3378 883 3454 lege
904 3379 1077 3454 Sempronia
1096 3397 1161 3454 pro·

232 3460 335 3521 cinciae
350 3462 454 3520 futuris
473 3465 641 3523 consulibus
660 3465 801 3524 Numidia
815 3477 900 3541 atque
912 3469 997 3528 Italia
1017 3469 1159 3526 decreto:

235 3549 369 3610 eonsules
399 3552 538 3614 declarati
568 3553 600 3616 P.
623 3555 724 3634 Scipio
757 3555 877 3630 Nasica,
912 3559 946 3622 It
974 3559 1074 3622 Bestia
1094 3557 1161 3622 cat·
