2682 4268
477 357 641 402 sunousurr
661 357 840 402 romanu.
1081 339 1122 401 97

193 501 231 560 ad
245 499 407 573 Romanos,
420 501 468 558 ulii
483 501 518 558 ad
532 517 630 577 regem
645 501 795 558 Bocchum
808 501 1010 578 prolirgerant;
1032 517 1121 575 quum

130 600 133 605 '
193 611 289 666 neque
311 592 416 649 bellurn
438 592 500 668 geri
522 592 584 648 sinc
607 591 783 648 administris
803 602 908 666 posset,
930 601 960 649 et
981 611 1121 652 novorum

192 682 279 742 fidem
299 683 328 739 in
351 692 431 740 tanta
444 683 564 758 perfidia
582 693 710 739 veterum
725 683 847 756 experiri
861 683 1055 758 periculosum
1070 683 1122 743 du·

193 786 283 844 cerer,
294 774 389 831 varius
403 774 588 848 incertusque
600 772 776 850 agitabatur:
798 791 891 848 neque
902 773 943 830 illi
956 791 1013 845 res,
1025 793 1120 850 neque

193 865 359 934 consilium,
375 874 423 920 aut
435 865 586 939 quisquam
601 863 751 920 hominurn
765 864 833 922 satis
846 865 995 939 placebat:
1017 865 1122 924 itinera

192 953 401 1030 praescctosque
430 955 544 1012 indies
568 964 696 1011 mutare:
725 955 812 1011 modo
839 955 992 1012 advorsum
1013 956 1120 1029 hostes,

194 1045 337 1102 interdurn
359 1046 390 1102 in
411 1046 581 1103 solitudines
603 1063 743 1123 pergere:
764 1064 840 1120 saepe
859 1046 889 1103 in
910 1046 988 1122 fuga,
1008 1063 1043 1103 ac
1056 1055 1122 1122 post

156 1137 157 1140 ’
193 1136 290 1210 paullo
314 1137 343 1192 in
365 1137 450 1193 armis
472 1155 550 1212 spem
574 1136 695 1194 habere:
717 1137 858 1208 dubitare,
874 1138 971 1194 virtuti
994 1157 1030 1194 au
1052 1137 1120 1196 fidei

192 1219 383 1300 popularium,
398 1227 493 1282 minus
507 1227 656 1284 crederet:
677 1227 728 1298 ita,
748 1247 931 1303 quocumque
944 1229 1118 1301 intenderat,

194 1333 239 1372 ras
261 1317 388 1372 advorsae
410 1328 499 1373 erant.
542 1317 611 1386 Sed,
625 1315 699 1372 inter
722 1335 772 1372 aas
792 1336 896 1388 moras,
917 1331 1036 1393 repente
1056 1337 1120 1378 soso

193 1403 333 1462 Metellus
358 1423 426 1460 curu
446 1404 576 1459 exercitu
595 1405 728 1460 ostendit.
769 1405 906 1462 Numidae
928 1409 962 1462 ab
976 1409 1121 1482 Jugurtlra

190 1512 246 1571 pro
258 1505 388 1568 tempore
409 1493 500 1567 parati
521 1491 729 1564 instructique:
750 1493 817 1548 dein
829 1494 960 1566 praelium
975 1495 1120 1568 incipitur.

190 1585 264 1646 Qua
279 1585 310 1641 in
323 1593 406 1658 parte
415 1601 466 1640 rex
478 1601 583 1658 pugne
598 1581 699 1652 adfuit,
714 1581 754 1638 ibi
770 1583 945 1656 aliquamdiu
960 1594 1101 1640 certatum
1113 1601 1123 1642 :¹

193 1676 285 1735 ceteri
307 1675 370 1750 ejus
388 1692 489 1731 omncs
510 1673 616 1729 milites
635 1672 730 1747 primo
751 1691 908 1750 congressu
923 1674 1003 1748 pulsi
1018 1674 1123 1751 fugacia

193 1785 259 1840 que.
301 1765 430 1822 Romani
451 1764 598 1841 signorum
622 1774 651 1820 et
666 1747 810 1821 armorum
829 1764 975 1838 aliquanto
989 1783 1126 1838 numere,-

194 1855 319 1913 hostium
333 1873 492 1932 paucorum
505 1855 609 1931 potiti:
630 1873 698 1912 nam
719 1855 808 1912 ferme
822 1853 852 1912 N
855 1855 966 1912 umidas
986 1856 1017 1912 iu
1031 1855 1123 1914 onmi-

193 1947 248 2004 bus
260 1947 367 2022 praeliis
380 1947 473 2023 magis
486 1947 575 2022 pedes
589 1965 674 2020 quam
689 1964 767 2003 arma
781 1955 874 2004 tutata
887 1956 961 2004 eunt.

232 2037 359 2092 LXXV.
379 2036 425 2092 Ea
439 2037 507 2112 luga
524 2037 668 2112 Jugurtha
686 2037 843 2111 impensius
861 2037 947 2096 modo
960 2038 1047 2096 rebus
1060 2037 1121 2098 suis

192 2126 338 2196 diffidens,
353 2143 420 2182 cum
437 2126 565 2202 perfugis
579 2135 608 2182 et
627 2136 709 2202 parte
722 2128 867 2201 equitatus
887 2128 917 2186 in
938 2129 1118 2203 solitudines,

191 2218 261 2274 dein
283 2215 406 2274 Thalam
425 2217 565 2292 pervenit,
587 2217 616 2274 in
637 2219 773 2293 oppidum
794 2238 930 2296 magnum
952 2231 1036 2296 atque
1049 2241 1119 2296 opu-

192 2307 313 2379 lentum,
335 2308 384 2364 ubi
409 2308 539 2383 plerique
563 2309 700 2381 thesauri,
724 2309 905 2385 liliorumque
929 2312 990 2387 ejus
1010 2312 1119 2370 multua'

193 2397 323 2473 pueritiae
340 2398 434 2455 cultus
456 2408 526 2456 erat.
566 2399 644 2460 Quae
663 2411 816 2474 postquam
836 2400 957 2458 Metello
970 2411 1120 2477 comperta

194 2498 270 2558 sunt,
284 2489 545 2563 quamquamrinter
565 2489 691 2545 Thalam
712 2489 877 2562 flumenque
890 2507 1072 2562 proxumum,
1087 2492 1119 2548 in

194 2579 285 2653 spatio
299 2578 422 2635 millium
437 2577 653 2652 quinquaginta,
668 2577 734 2634 loca
756 2578 836 2634 arida
857 2587 941 2651 atque
962 2588 1042 2634 vasta
1055 2597 1119 2638 csse

195 2677 379 2746 cognoverat,
406 2675 513 2736 tamen,
538 2684 588 2740 spc
617 2667 750 2741 patrandi
777 2665 855 2736 belli,
880 2667 905 2722 si
933 2667 994 2742 ejus
1020 2667 1119 2742 oppidi

96 2820 99 2825 ,
154 2797 171 2816 .
190 2761 300 2834 potitus
322 2759 404 2828 foret,
420 2757 515 2812 omnis
531 2755 697 2831 asperitates
717 2757 966 2832 supersederem
987 2771 1119 2818 naturam

194 2849 279 2907 ctiam
303 2850 419 2906 vincere
441 2847 614 2924 adgreditur.
655 2847 748 2924 Igitur
765 2848 863 2906 omnia
879 2849 1010 2926 jumenta
1030 2851 1119 2910 sarci·

138 2997 143 3007 ,
171 2938 238 3015 vuis
252 2940 339 2996 levari
358 2939 449 3014 jubet,
468 2939 525 2996 nisi
547 2937 691 2997 frumento
714 2939 825 2998 dierum
847 2941 965 3000 decem:
987 2954 1116 3002 ceterum

194 3038 270 3086 utres
296 3030 393 3100 modo,
420 3039 450 3087 et
476 3029 532 3088 alia
559 3049 638 3105 aquae
670 3031 774 3089 idonea
806 3035 922 3106 portari.
973 3034 1123 3090 Preterca·

97 3133 99 3136 ·
194 3119 337 3194 conquirit
351 3137 387 3176 cx
407 3120 492 3196 agris,
506 3139 592 3194 quam
614 3122 770 3195 plurimum
790 3132 895 3196 potest,
910 3123 1011 3179 domiti
1032 3135 1117 3192 paco·

194 3208 232 3266 ris
240 3229 247 3278 ;
269 3228 304 3266 co
319 3205 440 3284 imponit
452 3229 520 3266 vasa
534 3210 672 3289 cujusque
685 3211 774 3280 modi,
790 3211 841 3266 sed
860 3210 997 3283 pleraque
1010 3206 1118 3280 lignea,

193 3299 316 3358 collecta
343 3317 379 3356 ex
406 3299 529 3376 tuguriis
555 3297 758 3353 Numidarum.
810 3297 858 3353 Ad
885 3299 952 3366 hoc,
980 3295 1119 3356 finitumis

192 3389 324 3466 imperat,
339 3390 388 3464 qui
401 3408 432 3446 sc
445 3399 511 3464 post
525 3385 602 3463 regis
615 3386 713 3461 fugam
733 3385 854 3442 Metello
867 3386 1015 3456 dederant,
1031 3402 1118 3459 quem

189 3480 348 3556 plurimum
370 3479 491 3552 quisque
513 3495 593 3551 aquae
613 3484 757 3551 portarct;
780 3474 856 3531 diem
879 3475 1043 3550 locmnque,
1068 3478 1118 3542 ulai

188 3581 296 3648 presto
318 3567 415 3639 fuerit,
430 3567 570 3642 predicta
612 3566 680 3642 Ipse
703 3583 739 3622 ex
761 3564 890 3640 flumine,
908 3584 995 3643 quarn
1015 3585 1119 3643 proxu-
