2656 4276
451 327 617 370 ssnnnsnrr
637 328 819 372 rucunnnr.
1058 309 1102 372 69

164 467 304 544 injurium
332 468 489 544 accepisse,
516 479 613 526 tamen
637 488 688 527 vos
719 469 885 528 hominibus
904 467 1099 528 sceleratissu-

165 559 223 618 mis
243 559 405 636 ignoscere,
420 560 558 635 quonism
572 560 650 618 cives
664 570 741 632 sunt,
756 578 838 635 aequo
857 560 954 617 animo
974 561 1096 635 paterer,

163 649 196 708 ni
209 651 411 708 misericordia
426 651 457 709 in
469 650 628 726 perniciem
646 669 749 708 casura
762 662 845 709 esset.
886 649 917 707 N
919 669 964 708 am
979 661 1008 708 et
1028 651 1096 724 illis,

163 749 307 814 quantum
322 742 544 817 importunitatis
558 743 675 814 habent,
689 761 791 818 parum
806 752 860 814 est,
881 742 1000 818 impune
1020 742 1096 800 male

163 828 283 901 fecisse,
305 831 362 888 nisi
383 831 486 890 deinde
509 832 639 890 faciundi
661 833 781 891 licentia
804 831 1096 907 eripitu12etvobis

163 929 276 978 eterna
290 921 454 979 sollicitudo
467 925 636 996 remanebit,
651 943 739 1000 quum
756 923 940 999 intellegetis,
950 933 998 980 aut
1011 922 1097 979 serri-

163 1009 277 1068 undum
291 1030 365 1084 esse,
380 1023 428 1070 aut
439 1033 490 1090 per
503 1034 605 1073 manus
616 1016 778 1074 libertatem
792 1013 981 1072 retinendam.
1017 1011 1096 1070 Nam

163 1098 230 1156 fidei
245 1101 375 1176 quidem,
390 1115 438 1161 aut
451 1107 616 1164 concordie
630 1125 693 1180 quae
713 1125 780 1181 spes
800 1107 866 1163 estl
887 1104 1031 1162 dominari
1052 1103 1095 1162 illi

163 1189 273 1263 volunt,
289 1211 342 1250 vos
354 1192 439 1252 liberi
453 1213 534 1265 esse;
556 1196 652 1254 facere
666 1197 708 1252 illi
720 1196 849 1272 injurias,
860 1215 909 1253 vos
919 1196 1074 1273 prohibere
1086 1215 1093 1252 ε

160 1291 311 1356 postremo
326 1284 414 1341 sociis
426 1285 530 1341 vestris
542 1285 632 1342 veluti
645 1286 785 1356 hostibus,
796 1286 926 1343 hostibus
939 1305 992 1360 pro
1006 1286 1095 1344 sociis

161 1381 295 1428 utuntur.
344 1373 484 1428 Potestne
507 1373 538 1427 in
561 1381 620 1427 tam
644 1374 765 1428 divorsis
791 1375 935 1430 mentibus
958 1394 1024 1447 pax,
1047 1386 1096 1433 aut

160 1461 299 1518 amicitia
312 1462 395 1516 esset
436 1460 540 1520 Quare
553 1477 658 1516 moneo
670 1460 827 1532 hortorque
846 1479 906 1532 vos,
927 1480 964 1518 ne
984 1473 1097 1520 tantum

160 1551 263 1610 scelus
277 1549 454 1624 impunitum
468 1548 615 1606 omittatis.
649 1547 720 1605 Non
732 1548 882 1622 peculatus
896 1550 989 1608 aerarii
1004 1551 1098 1610 sactus

160 1651 216 1712 est,
231 1659 332 1715 neque
345 1659 396 1716 per
418 1640 476 1696 vim
498 1639 586 1696 sociis
610 1649 715 1714 erepte
730 1639 881 1714 pecunie:
903 1660 977 1715 quae,
999 1661 1097 1716 quem·

163 1745 251 1806 quum
276 1732 377 1808 grevia
400 1741 477 1802 sunt,
499 1741 596 1788 tamen
620 1731 832 1788 consuetudine
852 1731 912 1807 jam
932 1751 985 1808 pro
1005 1733 1097 1794 nihilo

163 1820 318 1880 habentur.
373 1821 462 1880 Hosti
489 1839 640 1880 acerrumo
665 1821 781 1897 prodita
808 1824 899 1880 senati
928 1825 1095 1899 auctoritas,

162 1913 312 1988 proditum
327 1913 479 1988 imperium
490 1921 633 1970 vestrum:
656 1912 735 1968 domi
749 1912 916 1988 militiaeque
929 1915 1096 1990 respublica

163 2004 277 2062 venalis
290 2003 354 2060 fuit.
390 2003 472 2064 Qum
486 2003 544 2058 nisi
558 2003 678 2075 quaesita
691 2013 785 2074 erunt,
800 2004 856 2061 nisi
871 2006 1050 2064 vindicatum
1065 2007 1095 2066 in

163 2094 280 2164 noxios,
294 2092 367 2167 quid
380 2092 435 2148 erit
457 2092 610 2165 reliquum,
634 2093 690 2149 nisi
712 2103 744 2150 ut
769 2093 836 2166 illis,
860 2096 911 2171 qui
931 2115 967 2154 ee
987 2097 1092 2170 secere,

164 2185 337 2244 obedientes
351 2183 497 2240 vivamus?
517 2200 584 2240 narn
599 2183 715 2258 impune
729 2185 863 2258 quaelibet
878 2187 984 2260 facere,
1006 2189 1035 2246 id
1050 2199 1094 2248 est

164 2291 262 2351 regem
275 2293 349 2332 esse.
391 2273 496 2347 Neque
510 2291 565 2350 ego
579 2293 638 2345 vos,
652 2275 795 2348 Quirites,
810 2277 920 2350 hortor,
934 2290 967 2338 ut
986 2280 1093 2338 melitis

166 2364 236 2422 civis
261 2376 374 2424 vestros
405 2382 564 2439 perperam,
592 2384 678 2438 quam
703 2377 784 2424 recte
816 2368 937 2439 fecisse3
966 2371 1017 2426 sed
1044 2389 1092 2444 ne,

165 2452 346 2530 ignoscendo
371 2454 463 2525 malis,
492 2455 584 2510 bonos
605 2455 748 2528 perditum
772 2459 853 2513 eatis.
904 2459 952 2514 Ad
973 2460 1041 2530 hoc,
1062 2460 1093 2518 in

166 2546 310 2618 republica
325 2545 418 2602 multo
426 2553 542 2619 praestat
557 2544 691 2599 beneficii
700 2562 786 2617 quam
798 2545 934 2602 maleficii
946 2546 1094 2620 immemo-

166 2638 223 2692 l'em
243 2655 329 2696 esse:
351 2637 446 2692 bonus
468 2632 669 2690 tantummodo
683 2633 799 2708 segnior
814 2634 856 2704 lit,
871 2634 921 2690 ubi
935 2617 1091 2712 negleigas3

167 2733 194 2781 at
206 2728 294 2784 malus
308 2725 480 2801 improbior.
522 2721 571 2778 Ad
585 2721 652 2793 hoc,
665 2722 691 2778 si
712 2722 824 2798 injuriae
844 2743 905 2782 non
925 2725 992 2798 sint,
1014 2727 1091 2786 haud

166 2831 237 2890 crepe
251 2817 355 2876 anxilii
369 2816 484 2892 egeas.'’
778 2826 783 2829 ’

202 2905 338 2966 XXXII.
367 2907 441 2979 Hoc
455 2903 610 2981 atquealia
633 2904 833 2980 hujuscemodi
856 2927 931 2986 srepe
952 2911 1090 2986 dicundo,

166 2992 320 3058 Memmius
335 2997 443 3072 populo
455 2993 617 3071 persuadet,
632 2997 674 3052 uti
688 2996 721 3054 L.
737 2998 867 3071 Cassius,
881 3001 931 3074 qui
945 3010 1092 3075 tumprre·

166 3093 208 3142 tor
221 3100 289 3161 eret,
310 3088 352 3146 ad
372 3087 545 3164 Jugurtham
566 3086 737 3158 mitteretur,
761 3107 896 3162 eumque,
922 3088 1092 3160 interposita

167 3173 221 3232 lide
232 3181 361 3252 publica,
371 3178 499 3236 Romam
512 3176 632 3234 duceret
643 3196 650 3245 ;
671 3195 729 3250 quo
743 3177 867 3246 facilius,
879 3176 989 3232 indicio
1002 3175 1090 3249 regis,

168 3264 268 3328 Scauri
280 3281 309 3328 et
325 3269 511 3344 reliquorum,
532 3283 605 3340 quos
624 3266 757 3338 pecunia
781 3274 872 3338 capte
898 3264 1090 3339 arcessebant,

168 3353 270 3416 delicte
288 3360 467 3436 patelierent.
508 3355 588 3413 Dum
608 3355 671 3411 haec
691 3353 796 3411 Rome
820 3363 969 3430 geruntur,
990 3352 1039 3427 qui
1060 3355 1090 3416 in

168 3443 306 3508 Numidis
318 3449 414 3507 relicti
430 3445 555 3507 aBestia
565 3443 705 3504 exercitui
714 3452 866 3518 preerant,
878 3444 970 3502 secuti
980 3463 1090 3506 morem

168 3534 347 3620 imperatoris
356 3539 413 3614 sui,
422 3537 547 3620 plurima
558 3546 589 3596 et
599 3533 833 3614 flagitiosissuma
843 3534 973 3600 facinora
985 3535 1089 3602 fecere.
