2656 4276
194 353 238 422 92
472 371 634 416 emactari
655 369 838 417 suanacas.

194 523 310 576 turam:
331 513 369 572 ab
389 511 560 588 imperatore
580 513 714 570 consulto
733 511 819 583 troii,
834 511 910 586 quod
923 511 1013 570 bomo
1027 511 1123 578 inania

195 615 225 666 et
238 605 325 682 regite
337 604 477 679 superbiae
491 601 613 677 imperio
625 603 711 660 nimis
724 603 890 678 gauderet’'
932 602 1011 663 Quat
1025 605 1124 664 omnia

190 694 253 776 ⁴illis
272 713 309 753 eo
330 695 457 752 firmiora
476 692 656 764 videbantur,
675 693 753 768 quod
773 692 964 750 diuturnitate
987 694 1055 752 belli
1076 712 1123 753 res

196 783 345 845 familiaris
359 792 557 860 corruperant,
571 792 601 842 et
617 783 714 842 animo
736 782 866 858 cupienti
886 783 958 840 nihil
979 785 1049 844 satis
1068 784 1123 844 fes·

195 875 312 934 thatun

237 965 331 1024 LXV.
360 965 430 1024 Erat
449 974 587 1041 preterea
607 963 637 1022 iu
656 963 786 1021 exercitu
805 972 905 1021 nostro
919 962 1051 1022 Numida
1064 965 1122 1040 qui·

198 1056 264 1116 darn
278 1056 396 1114 nomine
406 1055 519 1125 Gauda,
534 1053 742 1112 Mastanabalis
751 1053 838 1124 tilius,
850 1052 1013 1111 Masinissa
1023 1071 1122 1130 nepos,

197 1163 284 1224 quem
298 1145 424 1219 Micipsa
436 1153 608 1202 testamento
628 1143 789 1202 secundum
809 1143 946 1201 heredem
960 1144 1122 1219 scripserat,

198 1234 307 1294 morbis
331 1234 542 1304 contemnam
568 1233 691 1290 obeam
714 1251 847 1290 caussam
875 1243 972 1291 mente
995 1235 1124 1308 paullum

199 1324 359 1385 imurinuta
401 1323 458 1381 Cui
472 1322 608 1382 Metellus
621 1323 740 1398 petenti,
756 1341 836 1380 mora
850 1341 951 1398 regum
972 1334 1004 1380 ut
1025 1324 1123 1382 sellam

204 1415 288 1493 juxta
299 1424 429 1491 poneret,
444 1414 512 1472 item
526 1423 627 1489 postea
641 1414 780 1472 custodia
794 1432 897 1470 caussa
910 1424 1035 1471 turmam
1049 1413 1125 1489 equi·

200 1515 263 1564 tum
282 1505 494 1576 Romanorum,
512 1515 665 1581 utrumque
684 1497 855 1580 negaveram
877 1504 1028 1576 honorem,
1049 1504 1124 1580 quod

201 1613 302 1654 eorum
320 1596 407 1653 modo
420 1596 504 1666 foret,
518 1613 590 1668 quoa
602 1595 726 1669 populus
739 1594 892 1652 Romanus
905 1611 990 1670 reges
1005 1594 1125 1670 adpella-

201 1684 305 1754 visset3
326 1685 501 1759 presidium,
521 1684 599 1758 quod
618 1684 859 1741 contumeliosum
880 1683 911 1740 iu
931 1701 982 1741 eos
996 1684 1081 1756 foret,
1102 1683 1125 1742 si

202 1774 314 1850 equites
334 1774 463 1832 Romani
482 1774 620 1832 satellites
646 1773 782 1830 Numidae
805 1774 995 1830 traderentur.
1038 1774 1127 1832 Hunc

203 1861 315 1922 Marius
330 1865 446 1922 anxium
460 1864 624 1940 adgreditur
638 1873 723 1938 atque
740 1864 879 1934 hortatur,
894 1873 926 1920 ut
940 1864 1126 1922 contumelia·

203 1972 268 2014 rum
282 1955 461 2031 imperatoris
475 1973 542 2012 cum
555 1971 609 2012 suo
629 1954 735 2012 auxilio
753 1971 852 2029 paenas
865 1963 960 2029 petat:
982 1954 1126 2013 hominem

203 2045 243 2104 ob
254 2046 370 2102 morbos
385 2046 480 2104 animo
493 2062 594 2120 parum
610 2044 704 2102 valido
717 2045 845 2102 secunda
858 2043 988 2101 oratione
1002 2044 1125 2103 extollit:

205 2139 224 2168 “
234 2133 316 2190 illum
326 2153 434 2210 regem,
449 2135 595 2210 ingentem
609 2135 711 2205 virum,
723 2133 885 2192 Masinissae
899 2145 1036 2209 nepotem
1047 2152 1126 2193 esse:

204 2221 230 2280 si
244 2221 388 2296 iugurtha
402 2234 511 2298 captus,
528 2236 577 2281 aut
590 2225 706 2282 occisus
720 2225 801 2296 loret,
816 2224 968 2300 imperium
981 2224 1011 2280 N
1014 2225 1128 2282 umidis

205 2311 268 2370 sine
282 2327 363 2368 mora
377 2311 557 2370 habiturum:
579 2313 609 2370 id
632 2314 704 2371 adeo
725 2325 836 2373 mature
855 2333 939 2389 poase
959 2314 1086 2386 evenire,
1105 2313 1128 2371 si

206 2401 268 2478 ipsc
279 2401 380 2458 consul
397 2401 476 2458 adid
491 2403 598 2460 bellum
611 2404 716 2462 missua
730 2404 831 2462 soret.’'
872 2405 975 2479 Itaque
989 2414 1019 2461 et
1038 2404 1128 2475 illum,

206 2500 237 2550 et
249 2490 360 2568 equites
381 2491 543 2564 Romanos,
562 2493 668 2552 milites
689 2503 718 2552 et
739 2495 945 2570 negotiatores,
968 2494 1039 2552 alios
1060 2493 1129 2570 ipse,

205 2581 359 2662 plerosque
372 2601 437 2658 spes
449 2584 530 2658 pacis
544 2583 674 2660 impellit,
690 2585 732 2642 uti
745 2585 871 2643 Romam
892 2587 926 2642 ad
949 2603 1017 2643 auos
1033 2603 1131 2642 ueces-

207 2673 297 2734 sarios
322 2693 421 2750 aspere
449 2674 479 2731 in
506 2673 658 2732 Metellum
682 2675 719 2732 de
745 2675 821 2732 bello
842 2676 980 2746 scribant,
1005 2674 1131 2738 Marium

208 2762 411 2838 imperatorem
424 2775 554 2838 poscant.
596 2765 647 2822 Sic
658 2765 700 2822 illi
714 2784 731 2822 a
744 2765 840 2822 multis
850 2765 1017 2822 mortalibus
1031 2766 1132 2822 hones·

208 2851 329 2908 tissuma
355 2853 560 2926 suffragatione
589 2855 756 2912 consulatus
781 2856 952 2930 petebatur:
984 2854 1070 2914 simul
1098 2871 1133 2914 ea

208 2947 378 3012 tempestate
396 2939 504 3014 plebes,
519 2941 670 3002 nobilitate
691 2942 755 3001 fusa
773 2963 825 3019 per
846 2945 940 3021 legem
961 2943 1131 3016 Mamiliam,

208 3045 299 3088 noros
314 3027 476 3086 extollebat
517 3030 563 3087 Ita
576 3031 673 3089 Mario
686 3043 793 3091 cuncta
810 3036 975 3110 procedere.

248 3117 357 3178 LXVL
388 3117 508 3176 Interim
521 3119 667 3197 Jugurtba
678 3133 840 3198 postquam,
855 3125 961 3182 omissa
975 3123 1134 3194 deditione,

209 3207 317 3268 bellum
331 3209 442 3285 incipit,
457 3227 524 3267 cum
544 3229 650 3288 magua
670 3231 741 3270 cura
753 3232 854 3288 parare
867 3215 974 3285 omnia,
989 3214 1136 3283 festinare,

209 3315 315 3377 cogere
329 3299 504 3358 exercitum:
526 3301 666 3374 civitates,
680 3322 744 3377 quae
759 3305 794 3362 ab
808 3323 839 3362 se
853 3305 1029 3374 defecerant,
1041 3303 1137 3362 formi-

210 3387 289 3462 dine,
304 3400 352 3450 aut
366 3391 537 3449 ostentando
549 3393 669 3467 praemia
689 3393 852 3453 adfectare:
875 3394 1057 3452 communire
1070 3411 1138 3452 suos

210 3475 308 3547 locos;
331 3498 418 3552 arma,
432 3481 499 3553 tela,
514 3481 636 3557 aliaque,
660 3500 724 3557 qua
744 3500 796 3557 spe
815 3484 896 3556 pacis
918 3485 1062 3555 amiserat,
1075 3482 1140 3542 reli·

209 3580 289 3636 cere,
304 3577 353 3622 aut
374 3571 581 3630 commercari:
602 3570 718 3630 servitia
738 3570 939 3632 Romanorum
959 3574 1096 3645 adlicere,
1110 3582 1140 3632 et
