2656 4276
226 322 270 388 80
508 339 672 385 saccnsru
693 339 872 384 masarei.

225 501 305 542 mum
318 493 389 554 erat,
404 482 472 540 urbs
485 501 619 540 maxuma
633 483 767 556 alienata,
782 500 850 560 ager
864 481 996 540 hostibus
1007 483 1155 560 cognitus,

224 572 314 634 animi
327 573 508 649 popularium
517 574 648 650 temptati
659 594 667 643 ;
689 585 808 632 mactus
817 591 912 630 rerum
925 573 1155 648 necessitudine,

224 664 324 722 statuit
339 664 425 722 armis
446 674 566 722 certare.
608 663 700 742 Igitur
720 664 868 740 explorato
889 663 1016 721 hostiurn
1038 663 1153 738 itinere,

224 753 255 812 in
269 773 349 830 spem
370 754 497 812 victorias
520 755 662 812 adductus
684 772 721 812 ex
740 754 954 830 opportunitate
974 753 1045 825 loci,
1065 771 1152 830 quam

223 861 372 902 maxumas
394 855 489 920 potest
509 844 608 919 copias
627 844 757 902 omnium
771 861 910 920 generum
933 853 1026 918 parat,
1047 863 1082 902 ac
1102 860 1153 920 per

223 935 353 992 tramites
367 934 499 992 occultos
519 934 677 992 exercitum
699 934 811 992 Metelli
833 934 987 991 antevenit.
1029 934 1102 992 Erat
1122 934 1152 993 in

224 1041 260 1084 ca
271 1035 353 1100 parte
367 1025 524 1094 Numidia,
540 1043 626 1098 quam
639 1023 788 1081 Adherbal
803 1024 834 1081 in
855 1024 997 1080 divisione
1017 1023 1151 1099 possede

224 1123 277 1185 rat,
302 1115 409 1170 flumen
434 1113 530 1170 oriens
558 1132 576 1170 a
598 1112 729 1184 meridie,
753 1114 872 1171 nomine
897 1113 1032 1183 Muthul;
1055 1133 1071 1171 a
1093 1132 1150 1188 quo

224 1203 321 1260 aberat
344 1221 427 1258 mons
451 1201 540 1258 ferme
564 1201 655 1259 millia
677 1220 815 1277 passuum
836 1203 939 1279 viginti
961 1213 1056 1261 tractu
1077 1204 1148 1280 pari,

224 1300 318 1348 rastus
341 1293 376 1348 ab
400 1302 503 1349 natura
523 1301 552 1348 et
576 1291 703 1349 humano
728 1293 825 1350 cultu:
858 1293 909 1350 sed
933 1312 969 1351 er
992 1312 1028 1350 eo
1052 1294 1150 1352 medio

223 1383 304 1456 quari
326 1382 410 1439 collis
429 1381 585 1465 oriebatur,
600 1382 630 1438 in
651 1382 823 1440 immensum
837 1383 1015 1459 pertingens,
1029 1384 1148 1442 vestitus

221 1471 348 1530 oleastro
376 1491 410 1530 ao
436 1472 568 1544 mirtetis,
596 1471 716 1549 aliisque
740 1473 895 1549 generibus
918 1475 1147 1549 arborumque
1221 1545 1224 1552 Ι

222 1561 303 1619 humi
337 1563 418 1620 arido
445 1573 529 1637 atque
558 1581 678 1620 arenoso
704 1563 869 1640 gignuntur.
925 1563 1026 1620 Media
1053 1574 1148 1622 auteur

221 1651 362 1728 planicies
376 1652 497 1724 deserta,
509 1653 630 1728 penuria
644 1671 735 1728 aquae,
746 1663 848 1728 praeter
859 1652 971 1710 llumiui
985 1654 1147 1729 propinqua

221 1741 306 1799 loca:
326 1761 364 1798 ea
384 1744 497 1802 consita
521 1742 652 1814 arbustis,
674 1761 780 1817 pecore
802 1753 886 1817 atque
908 1743 1070 1802 cultoribus
1092 1744 1146 1802 sre-

222 1835 442 1906 quentabantur.

261 1922 373 1982 XLIX.
401 1924 494 2000 Igitur
521 1925 551 1983 in
578 1942 614 1983 eo
641 1925 725 1996 colle,
753 1943 838 2000 quem
858 1934 1023 1982 transvorso
1044 1924 1146 1983 itinere

221 2026 387 2089 porrectum
402 2015 564 2085 docuimus,
582 2015 736 2092 Iugurtha,
758 2025 912 2073 extenuata
933 2034 1052 2072 suorum
1073 2015 1144 2088 acie,

222 2105 368 2161 consedit:
389 2105 549 2179 elephantis
563 2116 591 2163 et
604 2106 678 2181 parti
690 2105 838 2182 copiarum
848 2106 1023 2180 pedestrium
1039 2105 1146 2163 Bomil-

221 2209 318 2248 carem
332 2195 470 2266 praefecit,
494 2213 617 2270 eumque
639 2196 752 2266 edocet,
777 2215 839 2270 quae
866 2205 978 2272 ageret3
1001 2196 1062 2270 ipse
1082 2212 1144 2270 pro·

219 2280 284 2358 pior
309 2293 436 2338 montem
460 2302 527 2340 cum
551 2285 630 2343 omni
652 2285 781 2358 equitatu
804 2296 833 2343 et
855 2285 1000 2360 peditibus
1024 2284 1144 2344 delectis

220 2391 288 2432 suos
312 2372 455 2428 collocat:
483 2372 550 2430 dein
573 2374 702 2450 singulas
723 2384 831 2432 turmas
856 2385 884 2432 et
908 2375 1071 2451 manipulos
1092 2375 1145 2434 cir·

221 2464 352 2523 cumiens
366 2473 464 2520 monet
478 2473 563 2537 atque
575 2465 742 2536 obtestatur,
762 2471 781 2498 ‘¹
794 2467 836 2523 uti
856 2485 998 2525 memores
1017 2465 1144 2540 pristine

220 2554 333 2616 virtutis
347 2565 376 2611 et
390 2554 516 2611 victoriae
531 2573 594 2612 sese
607 2573 787 2630 regnumque
797 2575 881 2614 suum
893 2557 929 2612 ab
943 2555 1144 2616 Romanorum

221 2646 339 2704 avaritia
352 2645 524 2704 defendant:
547 2664 613 2702 curn
637 2645 682 2702 his
706 2632 857 2702 certamen
876 2646 946 2716 lore,
968 2664 1040 2719 quos
1062 2655 1145 2704 antea

219 2735 312 2792 victos
332 2737 386 2792 sub
411 2736 512 2810 jugum
540 2736 688 2792 miserint:
720 2735 825 2792 ducem
849 2734 915 2807 illis,
936 2753 995 2794 non
1018 2736 1144 2793 animum

219 2833 382 2882 mutatum:
418 2843 481 2896 quae
510 2825 545 2880 ab
572 2825 744 2898 imperatore
772 2825 932 2896 decuerint,
961 2825 1060 2882 omnia
1086 2825 1144 2884 suis

219 2911 351 2986 provisa:
373 2911 470 2966 locum
484 2913 672 2985 superiorem,
688 2923 720 2970 ut
732 2914 889 2988 prudentes
904 2934 971 2972 cum
994 2915 1142 2990 imperitis,

219 3018 257 3058 ne
270 2999 421 3075 pauciores
436 2999 655 3074 cumpluribus,
672 3013 720 3059 aut
734 3003 820 3060 rudes
834 3023 902 3064 cum
923 3004 1000 3061 bello
1021 3005 1143 3062 meliori·

219 3091 273 3150 bus
286 3109 402 3148 manum
412 3101 611 3148 consererent:
632 3092 752 3166 proinde
760 3095 852 3168 parati
868 3094 1029 3167 intentique
1039 3104 1141 3169 esseut,

217 3180 303 3259 signo
323 3182 400 3253 dato,
425 3179 575 3238 Romanos
599 3181 752 3241 invadere:
775 3183 856 3240 illurn
881 3185 958 3242 diem
980 3195 1029 3242 aut
1050 3184 1142 3242 omnis

218 3270 332 3329 labores
357 3281 387 3328 et
419 3271 555 3328 victorias
588 3272 833 3345 confirmaturum,
867 3283 917 3331 aut
944 3290 1141 3333 maxumarum

218 3378 410 3418 erumnarum
425 3361 538 3419 initium
553 3361 640 3419 fore.''
677 3363 725 3420 Ad
739 3363 795 3420 hoc
806 3363 922 3434 viritim,
932 3363 975 3420 uti
988 3381 1140 3439 quemque,

217 3447 258 3504 ob
271 3450 393 3508 militare
408 3452 529 3523 lacinus,
549 3452 674 3526 pecunia
694 3461 743 3509 aut
763 3452 873 3508 honore
893 3453 1044 3524 extulerat,
1066 3471 1143 3512 com·

218 3537 401 3599 monefacere
415 3541 549 3604 beneficii
566 3543 622 3614 sui,
643 3551 672 3599 et
690 3559 757 3599 eum
777 3539 871 3616 ipsum
893 3542 957 3600 aliis
978 3552 1141 3604 ostentare:

1310 3465 1312 3580 l

1310 3645 1312 3724 l
