2656 4276
235 341 279 406 ts
516 355 680 402 amanum
701 353 882 400 mamas.

237 517 371 561 munnae
385 498 548 572 adtriverat,
563 496 729 570 Masinissa,
746 515 798 556 rex
817 493 1023 567 Numidarum,
1044 492 1075 552 in
1097 492 1165 553 ami·

175 582 183 593 ’
238 592 308 652 citia
340 600 474 667 receptus
508 609 525 648 a
557 591 590 648 Ρ.
623 590 773 665 Scipione,
807 587 855 646 cui
888 596 990 662 postea
1022 585 1165 645 Africano

238 697 400 760 cognomen
415 701 451 740 ex
464 683 568 740 virtute
582 681 645 753 luit,
660 681 750 739 multa
763 687 793 738 et
811 678 951 754 praeclara
969 677 1012 734 rei
1033 677 1165 736 militaris

239 773 370 834 facinora
392 774 520 832 lecerat:
548 773 587 830 ob
618 791 693 847 quae,
717 771 802 828 victis
827 768 1118 844 Carthaginiensibus
1137 777 1166 826 et

239 875 325 941 capto
358 865 502 941 Syphace,
529 864 612 941 cujus
639 864 669 920 in
696 862 799 920 Africa
825 877 962 936 magnum
990 869 1075 934 atque
1109 858 1166 918 lats

240 956 393 1032 imperium
407 957 506 1028 valuit,
529 954 653 1031 populus
676 953 839 1024 Romanus,
864 969 1061 1027 quascumque
1086 949 1166 1008 urhis

240 1057 270 1106 et
298 1063 382 1123 agros
408 1063 495 1103 manu
522 1053 648 1119 ceperat,
669 1044 731 1119 regi
752 1043 830 1102 dono
850 1041 939 1100 dedit
979 1041 1073 1119 Igitur
1099 1041 1166 1100 ami·

240 1136 311 1193 citia
334 1135 496 1191 Masinissa
524 1135 601 1191 hona
628 1143 713 1207 atque
740 1133 862 1192 honesta
887 1133 972 1190 nohis
991 1132 1165 1208 permansit:

239 1225 292 1283 sed
307 1225 419 1299 imperii
433 1225 555 1298 vittaque
568 1223 631 1300 ejus
652 1223 718 1281 linis
738 1222 817 1281 idem
837 1223 900 1282 fnit.
943 1211 1020 1280 Dein
1041 1221 1167 1298 Micipsa

240 1314 316 1374 filius
340 1331 462 1392 regnum
486 1315 565 1371 solus
592 1314 728 1385 obtinuit,
760 1314 960 1372 Mastanabale
988 1324 1017 1371 et
1041 1313 1167 1372 Gulussa
1263 1348 1265 1354 π
1307 1315 1308 1346 ³

241 1404 376 1464 fratribus
396 1405 497 1462 morbo
512 1404 678 1479 absumptis.
728 1403 758 1461 Is
780 1404 975 1462 Adherbalem
998 1413 1028 1461 et
1048 1403 1167 1479 Hiemp-

241 1495 330 1554 salem
358 1515 393 1554 ex
425 1513 488 1554 sese
521 1495 622 1572 genuit
635 1514 643 1566 ;
684 1493 925 1572 Iugurthamque,
960 1494 1167 1552 Mastanabalis

242 1585 337 1645 fratris
352 1587 454 1658 lilium,
468 1603 554 1660 quem
568 1585 733 1656 Masinissa,
748 1584 825 1659 quod
845 1594 925 1643 ortus
945 1603 982 1642 ex
1002 1585 1168 1642 concubina

242 1687 313 1748 erat,
327 1677 468 1752 privatum
481 1676 646 1751 reliquerat,
661 1676 765 1734 eodem
779 1673 870 1746 cultu,
884 1693 942 1750 quo
962 1675 1069 1732 liberos
1090 1693 1166 1747 suos,

242 1766 321 1824 domi
335 1767 443 1826 habuit.

281 1858 334 1917 vl.
360 1858 423 1920 Qui
438 1859 489 1918 ubi
502 1860 628 1936 primum
643 1859 776 1932 adolevit,
790 1859 901 1935 pollens
921 1859 1040 1929 viribus,
1061 1857 1167 1916 decora

243 1948 328 2021 facie,
343 1951 393 2007 sed
408 1951 499 2007 multo
519 1965 652 2008 maxume
673 1951 791 2026 ingenio
810 1950 931 2019 validus,
952 1967 1012 2006 non
1036 1968 1068 2006 se
1088 1949 1166 2021 lunt,

242 2055 337 2114 neque
351 2039 460 2096 inertias
475 2041 718 2116 corrumpendum
732 2039 829 2110 dedit3
851 2040 912 2110 sed,
928 2040 970 2096 uti
991 2057 1054 2096 mos
1074 2039 1167 2116 gentis

243 2128 388 2200 illiusest,
397 2131 536 2205 equitare,
548 2131 682 2206 jaculari,
694 2150 781 2189 cursu
793 2149 859 2188 cum
871 2127 1028 2204 equalibus
1039 2140 1166 2188 certare:

243 2227 282 2288 et,
294 2238 382 2292 quum
394 2221 489 2276 omnis
500 2221 592 2296 gloria
601 2223 732 2293 anteiret,
742 2222 876 2278 omnihus
884 2231 979 2277 tamen
988 2234 1075 2277 carus
1086 2236 1166 2278 esse:

244 2309 280 2365 ad
294 2308 361 2378 hoc,
372 2309 508 2382 pleraque
518 2319 649 2386 tempora
661 2312 690 2368 in
698 2311 830 2368 venando
845 2325 940 2388 agere,
954 2310 1069 2366 leonmn
1085 2321 1168 2386 atque

243 2397 314 2456 alias
328 2397 402 2455 feras
414 2400 534 2474 primus,
549 2410 597 2458 aut
612 2402 641 2458 in
655 2401 755 2476 primis
769 2402 871 2460 ferire:
892 2401 1048 2478 plurimum
1073 2401 1168 2460 lacere

243 2497 273 2547 et
293 2489 454 2547 minumum
474 2490 535 2567 ipse
559 2491 595 2548 de
619 2511 651 2549 se
670 2492 759 2566 loqui.
799 2491 918 2553 Quibus
935 2492 1021 2548 rebus
1043 2489 1169 2568 Micipsa

242 2581 357 2640 tametsi
383 2581 466 2639 initio
487 2582 569 2640 laetus
590 2581 692 2653 suerat,
714 2584 889 2640 existumans
910 2583 1042 2639 virtutem
1064 2581 1169 2660 Jugur·

242 2673 299 2732 thre
320 2691 411 2749 regno
431 2689 484 2730 suo
504 2671 603 2750 glorie
624 2674 707 2744 lure;
735 2684 841 2743 tamen,
856 2683 1007 2748 postquam
1022 2673 1168 2731 hominem

244 2762 467 2832 adulescentem,
486 2775 587 2820 exacta
605 2783 657 2820 sua
678 2775 761 2820 aetate
781 2774 810 2820 et
829 2763 924 2836 parvis
944 2763 1053 2834 liberis,
1078 2762 1169 2841 magis

243 2851 393 2924 magisque
408 2865 540 2906 crescere
555 2851 706 2927 intellegit,
721 2853 905 2908 vehementer
919 2869 954 2908 eo
969 2855 1088 2929 negotio
1108 2873 1169 2931 per·

243 2946 348 3008 motus,
364 2938 454 2994 multa
466 2955 534 2994 cum
560 2941 657 2996 animo
680 2955 734 2996 suo
757 2936 896 2996 volvebat.
937 2940 1083 3002 Terrebat
1103 2961 1168 3002 eunt

243 3037 347 3086 natura
359 3027 533 3100 mortalium,
546 3029 627 3086 arida
638 3029 761 3104 imperii,
772 3038 801 3086 et
813 3045 942 3105 preceps
954 3031 989 3088 ad
998 3033 1169 3108 explendam

244 3120 331 3179 animi
347 3119 531 3196 cupidinem:
552 3130 691 3194 praeterea
711 3121 909 3196 opportunitas
926 3141 985 3180 suae
1001 3123 1170 3182 liberorum·

242 3229 299 3286 que
313 3211 404 3268 aetatis
418 3227 481 3284 que
501 3211 588 3268 etiam
609 3211 763 3268 mediocris
783 3212 860 3269 viros
880 3231 929 3288 spe
951 3213 1055 3288 praedae
1080 3225 1169 3272 trans·

243 3317 342 3358 rorscs
363 3301 441 3378 agit:
470 3299 505 3358 ad
527 3303 593 3373 hoc,
614 3301 710 3359 studia
729 3301 923 3360 Numidarum
944 3303 974 3360 in
995 3302 1168 3380 Iugurtham

245 3403 384 3459 accensa3
406 3391 570 3465 exquibus,
584 3393 710 3451 sitalem
724 3394 815 3451 tirum
831 3393 905 3452 dolis
919 3393 1120 3468 interfecisset,
1131 3411 1168 3452 ns

244 3493 302 3550 qua
314 3479 428 3550 seditio,
444 3492 493 3538 aut
506 3483 612 3542 bellum
627 3485 760 3553 oriretur,
776 3484 876 3540 aurius
890 3493 959 3541 erat.
1061 3477 1062 3482 ἵ

283 3563 350 3624 vll.
378 3567 434 3624 His
447 3569 663 3628 difficultatibus
676 3573 899 3644 circumventus,
911 3574 960 3632 uhi
973 3573 1061 3648 ridet,
1075 3591 1169 3654 neque
