2656 4276
439 373 604 418 samusart
625 374 806 420 marianna.
1044 359 1088 424 59

159 517 293 576 mutandi
318 517 404 593 copia
424 526 505 574 erat:
540 536 619 576 mare
646 535 782 595 magnum
805 527 836 574 et
856 516 958 594 ignara
986 518 1086 596 lingua

162 607 337 666 commercia
362 607 562 683 prohibebant.
613 607 656 666 Hi
681 609 828 684 paullatim
861 628 912 684 per
940 609 1086 668 connubia

160 696 289 756 Catulos
300 717 399 756 aecum
410 699 553 756 miscuere
565 719 572 755 :
593 709 633 771 et,
643 700 713 774 quia
722 717 797 774 saepe
807 709 979 773 temptantes
991 717 1083 776 agros,

161 787 228 859 alia,
237 789 343 846 deinde
353 788 480 846 alialoca
488 789 657 864 petiverant,
667 801 758 847 semet
767 789 821 864 ipsi
833 788 977 846 Numidas
991 790 1085 865 adpel

161 876 268 934 lavere.
309 878 444 935 Ceterum
460 879 553 936 adhuc
570 880 693 938 aedilicia
702 878 897 936 Numidarum
919 878 1084 954 agrestium,

161 961 226 1042 quae
241 968 363 1042 mapalia
382 968 423 1026 illi
442 980 555 1042 vocant,
569 969 705 1046 oblonga,
720 967 847 1026 incurvis
860 967 998 1024 lateribus
1008 978 1086 1030 tecta

161 1057 242 1132 quasi
267 1058 381 1115 narium
405 1059 510 1116 carinae
534 1070 610 1118 sunt.
652 1057 750 1117 Medis
775 1069 870 1116 autem
891 1068 921 1115 et
947 1058 1085 1116 Armenia

162 1165 308 1205 accessere
322 1148 427 1223 Libyes
441 1148 524 1225 (nam
547 1149 578 1207 hi
598 1151 715 1225 propius
736 1167 814 1206 mare
835 1148 969 1207 Africum
995 1149 1083 1225 agita·

160 1237 244 1306 bant3
266 1237 373 1295 Gaetuli
386 1239 440 1295 sub
454 1239 514 1296 sole
534 1239 637 1313 magis,
651 1238 729 1296 hand
748 1239 849 1312 procul
869 1239 905 1296 ab
920 1239 1081 1317 ardoribus)
1127 1273 1133 1284 ·

160 1325 245 1402 hique
272 1338 385 1384 mature
412 1328 520 1401 oppida
555 1327 698 1395 babuere;
731 1346 810 1396 nam,
838 1329 910 1414 sretq
935 1329 1019 1384 dirisi
1047 1330 1083 1386 ab

159 1413 315 1490 ld'mpania,
341 1425 453 1471 mutare
485 1431 533 1469 res
560 1413 634 1468 inter
664 1432 695 1468 se
721 1414 913 1470 instituerant.
966 1415 1085 1473 Nomen

158 1523 261 1563 eorum
276 1502 425 1579 paullatim
439 1501 547 1574 Libyes
566 1518 730 1576 corrupere,
744 1501 865 1558 barbara
884 1502 984 1577 lingua
1002 1501 1086 1559 Mau·

158 1611 209 1652 ros
232 1611 285 1667 pro
309 1590 406 1649 Media
431 1590 617 1666 adpellantes.
671 1589 731 1646 Sed
757 1607 803 1646 res
829 1590 980 1648 Persarum
1006 1591 1085 1650 brevi

159 1682 304 1744 adolevit:
337 1699 374 1738 ac
398 1691 500 1756 postea
529 1679 645 1738 nomine
674 1679 821 1752 Numida,
848 1685 963 1757 propter
990 1682 1087 1740 multi·

159 1773 290 1831 tudinem
312 1791 329 1828 a
351 1771 519 1846 parentibus
541 1770 671 1846 digressi,
695 1771 843 1846 possidere
870 1772 1000 1842 calcea,
1022 1791 1086 1846 quae

159 1881 298 1940 proxume
306 1862 512 1938 Carthaginem
521 1860 662 1918 Numidia
673 1859 839 1937 adpellatur.
873 1861 951 1919 Dein
960 1862 1085 1936 utrique,

161 1953 257 2012 alteris
284 1952 359 2023 freti,
386 1952 534 2012 finitumos
561 1951 647 2008 arnna
674 1961 723 2008 ant
749 1961 828 2008 metu
855 1953 908 2008 sub
932 1951 1084 2027 imperium

159 2061 246 2101 suum
266 2059 400 2116 coegere,
412 2059 520 2097 nomen
541 2041 719 2117 gloriamque
741 2041 796 2098 sibi
817 2043 971 2112 addidere;
992 2043 1083 2120 magia

159 2132 190 2191 lti
204 2131 256 2206 qni
271 2129 306 2186 ad
320 2141 446 2187 nostrum
460 2148 538 2186 mare
551 2141 768 2205 processerant:
790 2132 856 2206 quia
869 2132 985 2208 Libyes,
997 2151 1081 2208 quam

159 2221 277 2291 Gaetuli,
301 2219 398 2276 minus
420 2219 569 2278 bellicosi:
590 2220 715 2296 denique
736 2220 845 2280 Alricae
868 2242 937 2300 pars
961 2222 1082 2286 inferior

159 2311 295 2389 pleraque
307 2310 342 2367 ab
353 2308 383 2366 N
385 2310 489 2367 umidis
502 2329 633 2386 possessa
643 2322 687 2369 est
699 2331 705 2368 :
727 2312 796 2370 victi
808 2331 909 2372 omnes
919 2313 950 2376 in
964 2324 1081 2390 gentem

160 2417 324 2474 nomenque
338 2400 538 2474 imperantium
552 2420 732 2459 concessere.

199 2489 285 2548 XIX.
320 2489 424 2548 Postea
444 2491 606 2562 Phoenices,
622 2491 670 2548 alii
691 2490 883 2547 multitudinis
897 2490 976 2546 domi
990 2491 1084 2550 minu·

161 2579 243 2640 endar
263 2581 364 2658 gratia,
385 2599 451 2657 pars
471 2580 584 2655 imperii
604 2579 751 2652 cupidine,
772 2579 927 2635 sollicitata
945 2578 1039 2651 plebe,
1053 2589 1083 2638 et

162 2671 227 2730 aliis
252 2689 388 2728 novarum
415 2687 512 2734 rerum
537 2668 636 2737 avidis,
658 2666 835 2741 Hipponem,
860 2665 1084 2741 Hadrumetum,

161 2758 285 2835 Leptim,
298 2759 424 2834 aliasque
438 2758 518 2816 urbis
531 2775 582 2814 ora
595 2756 626 2814 in
639 2756 782 2814 maritima
793 2757 966 2815 condidere:
981 2755 1084 2835 basque

162 2849 241 2908 brevi
252 2851 371 2908 multum
383 2861 484 2921 auctae,
493 2867 559 2923 pars
570 2846 729 2923 originibus
740 2846 800 2904 suis
809 2848 952 2923 presidio,
962 2848 1024 2908 aliar
1035 2851 1085 2910 de·

161 2940 223 3000 cori
242 2940 338 2997 suere:
360 2957 427 2996 nam
446 2939 482 2997 de
498 2937 674 3014 Carthagine
688 2937 772 2996 silere
786 2939 889 2998 melius
902 2950 983 3016 puto,
996 2959 1083 3017 quam

160 3047 262 3106 parum
282 3029 380 3086 dicere
391 3049 398 3098 ;
428 3029 563 3103 quoniam
593 3028 821 3104 alio·properare
840 3040 955 3105 tempus
975 3039 1083 3086 monet.

161 3117 252 3198 Igitur
279 3119 314 3176 ad
335 3119 557 3190 Catabathmon,
571 3118 620 3193 qui
640 3118 723 3176 locus
747 3119 905 3193 AEgyptum
928 3118 964 3172 ab
981 3115 1086 3172 Africa

161 3208 274 3280 dividit,
292 3209 421 3267 secundo
442 3209 525 3279 mari,
538 3209 630 3282 prima
653 3207 768 3281 Cyrene
788 3216 841 3276 est,
865 3203 982 3262 colonia
1004 3201 1086 3258 The·

159 3297 243 3370 redn,
259 3317 293 3356 ac
306 3299 443 3375 deinceps
456 3299 520 3356 dua
541 3298 650 3370 Syrtes,
665 3296 796 3367 interque
816 3311 866 3349 eas
879 3289 996 3365 Leptis:
1017 3289 1086 3353 dein

158 3389 308 3452 Philendn'
331 3405 399 3461 ara,
426 3407 510 3464 quem
538 3387 635 3442 locum
669 3381 827 3458 AEgyptum
857 3397 965 3451 versus,
998 3379 1086 3442 finem

158 3482 273 3560 imperii
300 3481 446 3538 habuere.
462 3473 736 3552 Carthaginienses:
770 3478 835 3545 post
869 3469 932 3527 alia
964 3468 1085 3534 Punico

156 3575 252 3636 nrbes.
295 3572 407 3632 Cetera
438 3568 505 3626 loca
533 3583 624 3640 usque
651 3563 687 3622 ad
710 3558 923 3620 Mauretaniam
950 3559 1088 3620 Numida
