2656 4276
219 387 263 452 60
500 400 665 448 sunosru
687 399 868 443 reomaus.

220 555 336 606 lenem:
357 561 497 620 proxume
509 541 685 618 Hispaniam
697 540 795 600 Mauri
809 551 893 599 sunt:
914 557 1001 615 snper
1013 539 1152 600 Numidi-

221 655 266 696 am
280 636 411 692 Getulos
426 635 591 710 accepimus
605 633 708 709 partim
724 633 752 689 in
769 632 902 708 tuguriis,
918 631 989 688 alios
1013 632 1151 692 incultius

221 745 308 803 vagos
323 727 449 802 agitarc;
472 735 537 800 post
551 743 600 782 ecs
616 717 770 800 ffliopas
784 741 865 792 esse3
889 719 957 778 dein
970 721 1037 778 loca
1051 717 1151 780 exusta

222 817 292 876 solis
317 817 476 874 ardoribus.
525 815 618 891 Igitur
645 814 722 871 bello
749 813 926 890 Jugunhino
952 812 1089 887 pleraque
1115 829 1151 870 ex

221 905 343 968 Punicis
354 907 469 983 oppida,
481 916 510 963 et
521 906 586 962 linis
597 905 891 982 Carthaginiensium,
903 903 1152 978 quos-novissume

222 999 394 1069 habuerant,
419 997 541 1073 populus
560 996 713 1054 Romanus
738 1013 790 1070 per
812 996 995 1070 magistratus
1018 992 1152 1050 adminis-

222 1089 337 1146 trabat:
367 1087 547 1144 Gaetulornm
576 1105 681 1160 magna
706 1104 772 1160 pars
793 1095 822 1142 et
843 1085 979 1141 Numidae
1000 1097 1092 1158 usque
1116 1083 1151 1142 ad

223 1177 330 1234 flumen
347 1176 517 1232 Mulucham
537 1175 590 1231 sub
605 1174 749 1250 Jugurtha
769 1185 871 1238 erant:
893 1173 1004 1231 Mauris
1018 1175 1151 1232 omnibus

223 1284 274 1325 rex
295 1266 430 1322 Bocchus
451 1265 644 1340 imperitabat,
658 1275 762 1339 praeter
784 1283 902 1335 nornen,
917 1274 1015 1322 cetera
1035 1265 1152 1340 ignarus

223 1357 320 1434 populi
335 1356 482 1439 Romani3
505 1356 632 1429 itemque
652 1355 738 1412 nobis
751 1373 846 1430 neque
861 1354 946 1426 bello,
961 1372 1055 1428 neque
1069 1373 1149 1428 pace,

225 1457 309 1505 antea
324 1447 466 1523 cognitus.
508 1445 554 1502 Dc
569 1446 673 1504 Africa
692 1455 722 1502 et
741 1445 804 1520 ejus
818 1445 923 1502 incolis
938 1444 974 1502 ad
994 1443 1151 1508 mosseten-

224 1537 322 1596 dinem
337 1538 379 1594 rei
394 1537 464 1594 satis
478 1537 598 1593 dictum.
1050 1553 1055 1564 ·

264 1629 334 1684 XX.
363 1628 528 1701 Postquam,
542 1625 635 1683 diviso
649 1643 750 1702 regno,
763 1624 852 1702 legati
866 1624 968 1681 Africa
982 1624 1150 1697 discessere,

224 1726 255 1776 et
289 1716 433 1793 iugurtha
468 1727 568 1774 contra
595 1717 726 1773 timorem
758 1715 846 1772 animi
879 1715 998 1789 praemia
1034 1715 1151 1772 sceleris

226 1806 360 1882 adeptum
380 1827 443 1864 sese
468 1807 561 1876 videt;
583 1817 695 1864 certum
717 1816 805 1876 ratus,
820 1806 897 1879 quod
911 1823 947 1862 ex
962 1805 1064 1862 amicis
1079 1805 1152 1880 apud

225 1895 414 1956 Numantiam
437 1907 598 1972 acceperat,
614 1896 713 1954 omnia
733 1896 838 1952 Romae
851 1896 965 1953 venalia
979 1915 1052 1967 esse,
1068 1895 1151 1952 simul

225 1999 254 2044 et
278 1988 391 2045 illorum
414 1988 674 2063 pollicitationibus
699 2003 849 2057 accensus,
872 2005 942 2060 quos
964 1987 1063 2061 paullo
1088 1995 1151 2044 ante

225 2079 394 2135 muneribus
418 2078 591 2152 expleverat,
620 2077 651 2134 in
677 2095 798 2154 regnum
826 2077 1002 2133 Adherbalis
1026 2077 1151 2134 animum

225 2167 358 2224 intendit.
399 2167 464 2243 Ipse
493 2186 569 2238 acer,
594 2167 769 2224 bellicosus:
800 2175 829 2224 nt
849 2166 884 2238 is,
913 2185 998 2240 quem
1026 2168 1150 2242 petebat,

225 2255 349 2330 quietus,
378 2256 511 2326 imbellis,
535 2256 657 2330 placido'
671 2257 800 2332 ingenio,
824 2266 1003 2331 opportunus
1031 2257 1151 2332 injurie,

226 2355 358 2402 metuens
379 2345 481 2421 magis,
497 2364 581 2420 quam
604 2347 784 2404 metuendus.
825 2346 917 2422 Igitur
932 2365 967 2404 ex
987 2347 1151 2421 improviso,

225 2435 291 2493 finis
305 2435 367 2510 ejus
381 2455 447 2491 cum
462 2455 567 2511 magna
581 2454 667 2493 manu
688 2437 807 2508 invadit,
822 2437 929 2494 multos
942 2437 1073 2494 mortalis
1087 2447 1151 2495 cu'm

224 2545 329 2604 pecore
345 2537 429 2600 atque
445 2525 501 2583 alia
514 2527 611 2602 praeda
625 2527 712 2601 capit,
727 2527 850 2584 edificia
864 2526 1003 2598 incendit,
1016 2527 1152 2602 pleraque

225 2618 290 2677 loca
314 2618 455 2675 hostiliter
480 2635 548 2674 cnm
566 2617 698 2692 equitatu
728 2615 857 2686 accedit;
890 2617 957 2674 dein
984 2615 1151 2674 cumomni

227 2709 413 2766 multitudine
435 2709 463 2764 in
485 2727 605 2784 regnum
627 2726 712 2765 suurn
733 2707 887 2778 convortit,
901 2707 1080 2765 existumans
1094 2707 1153 2765 Ad·

225 2798 372 2856 herbalem
387 2799 487 2854 dolore
500 2807 662 2871 permotum
687 2797 806 2873 injurias
829 2815 896 2854 snas
919 2815 1007 2854 mann
1026 2798 1154 2856 vindica·

224 2897 331 2966 turum,
346 2903 468 2958 eamque
490 2905 549 2941 rem
573 2887 641 2943 belli
666 2905 798 2944 caussam
823 2887 892 2945 sore.
934 2877 976 2944 At
1000 2888 1058 2960 ille,
1076 2886 1151 2963 qnod

224 2993 318 3048 neque
342 2993 373 3031 se
393 2993 491 3050 parem
515 2975 601 3032 armis
621 2975 823 3049 existumabat,
843 2987 873 3034 et
904 2977 1034 3048 amicitia
1053 2976 1151 3055 populi

225 3065 353 3125 Romani
382 3065 473 3140 magis
500 3083 586 3138 quam
613 3065 751 3124 Numidis
774 3067 864 3125 fretus
888 3076 961 3138 erat,
983 3068 1095 3144 legatos
1117 3066 1151 3125 ad

225 3157 399 3234 Jugurtham
415 3156 450 3213 de
466 3155 578 3230 injuriis
589 3166 722 3230 questum
737 3156 832 3215 misit:
853 3157 902 3232 qui
917 3159 1031 3216 tametsi
1052 3167 1152 3216 contn-

224 3250 345 3306 meliosa
359 3247 437 3305 dicta
451 3247 618 3318 retulerant,-
628 3247 708 3323 prius
721 3258 818 3306 tamen
831 3247 929 3307 omnia
941 3247 1001 3324 pati
1015 3249 1151 3328 decrerit,

224 3355 310 3412 qnam
319 3339 562 3408 bellnmsumere;
578 3337 823 3414 qniatemptatum
832 3347 916 3396 antea
924 3357 1009 3396 secus
1018 3347 1150 3398 cesserat

224 3425 329 3500 Neque
349 3446 385 3485 eo
410 3429 502 3505 magis
526 3429 633 3504 cupido
654 3427 804 3504 Jugurthoe
826 3429 1026 3487 minuebatur:
1048 3430 1153 3506 quippe

224 3515 274 3587 qui
295 3525 388 3572 toturn
412 3519 474 3593 ejus
500 3537 621 3596 regnum
647 3518 743 3574 animo
764 3517 824 3591 jam
846 3517 1002 3577 invaserat.
1051 3520 1154 3596 Itaque

223 3619 294 3676 non,
305 3604 347 3662 nti
359 3615 452 3677 antea,
464 3624 531 3663 cum
544 3606 715 3682 predatoria
728 3623 826 3678 mann,
837 3607 889 3665 sed
902 3627 1009 3686 magno
1022 3607 1153 3669 exer‘oitn
