2656 4276
454 345 618 392 emissan
639 345 815 400 mannent.
1055 329 1098 396 83
1198 323 1209 353 '

166 483 291 548 advorso
305 487 390 561 oolle,
405 489 492 548 sicuti
504 501 682 568 praeoeptum
696 492 797 565 suerat,
812 490 946 550 evadunt.
977 491 1096 552 Amisso

163 579 245 651 loeo,
260 579 396 637 Numidae
411 580 467 638 susi
481 582 647 658 fugatique:
668 583 756 658 pauoi
769 583 922 653 interiere3
942 581 1095 659 plerosque

164 670 306 728 relooitas
319 681 349 729 et
370 671 452 748 regio
473 673 605 730 hostibus
628 673 731 750 ignara
750 683 843 732 tutata
863 684 938 732 sunt.
978 672 1094 734 Interea

164 758 324 834 Bomilcar,
338 781 423 837 quem
437 763 599 839 elephantis
618 773 648 820 et
667 765 741 841 parti
755 765 903 840 copiarum
918 764 1093 840 pedestrium

161 852 337 926 praefectum
358 853 393 910 ab
405 852 550 930 Iugurtha
562 873 649 931 supra
662 855 797 926 diximus,
811 854 862 912 ubi
882 872 949 911 eum
962 853 1094 912 Rutilius

162 951 388 1018 pretergressus
400 953 452 1016 est,
467 945 618 1020 paullatim
638 964 707 1003 suos
721 945 752 1002 in
767 961 882 1020 equum
894 943 993 1002 loeum
1006 943 1097 1002 dedu·

163 1030 223 1089 oit:
250 1051 296 1104 ao,
318 1033 387 1090 dum
413 1035 524 1112 legatus
545 1036 581 1093 ad
608 1035 726 1108 flumen,
748 1051 806 1110 qno
832 1034 998 1111 praemissus
1021 1043 1095 1106 erat,

163 1121 305 1181 festinans
325 1125 428 1200 pergit,
450 1126 573 1200 quietus,
587 1127 630 1185 uti
650 1146 696 1184 res
715 1125 890 1203 postulabat,
906 1125 999 1182 aciem
1012 1143 1095 1183 exor-

162 1223 232 1274 nat:
254 1233 350 1288 neque
363 1216 494 1286 remittit,
508 1217 576 1291 quid
591 1218 698 1292 ubique
709 1217 801 1274 bostis
815 1227 922 1293 ageret,
933 1216 1091 1293 explorare.

161 1302 323 1378 Postquam
344 1305 491 1361 Rutilium
513 1306 679 1362 consedisse
703 1306 772 1380 jam,
793 1316 823 1361 et
850 1307 946 1362 animo
969 1325 1093 1364 saeuum

162 1395 293 1468 aooepit,
308 1393 452 1466 simulque
465 1409 501 1448 ex
515 1392 533 1447 J
536 1394 665 1466 ugurtha
684 1394 784 1466 praelio
804 1394 958 1449 clamorem
978 1394 1094 1467 augeri3

159 1484 287 1550 veritus,
301 1498 339 1536 ne
352 1481 474 1556 legatus,
495 1480 614 1555 oognita
633 1498 674 1550 re,
695 1480 891 1536 laborantibus
911 1481 970 1536 suis
990 1482 1097 1538 auxilio

160 1573 253 1642 foret,
266 1570 369 1641 aciem,
382 1588 468 1644 quam
481 1570 614 1627 diffidens
624 1569 722 1627 virtuti
736 1569 859 1626 militum
875 1580 935 1627 arte
948 1579 1096 1642 statuerat,

161 1681 223 1738 quo
235 1660 365 1718 hostium
377 1661 474 1718 itineri
488 1661 636 1733 obiiceret,
648 1660 734 1718 latius
748 1659 883 1738 porrigit3
906 1679 998 1735 eoque
1008 1661 1099 1719 modo

164 1753 200 1810 ad
216 1751 327 1809 Rutilii
342 1761 436 1808 eastra
448 1751 590 1826 procedit.

204 1842 290 1900 LIII.
326 1841 455 1900 Romani
482 1859 518 1899 ex
544 1841 700 1917 improviso
726 1841 852 1918 pulveris
876 1841 935 1898 vim
961 1859 1096 1918 magnam

164 1933 411 2003 animadvortunt,
426 1951 493 1990 nam
518 1943 702 2008 prospectum
725 1951 794 2009 ager
818 1932 941 1989 arbustis
967 1931 1096 1992 consitus

163 2023 351 2101 prohibebat.
383 2022 422 2077 Et
432 2023 525 2096 primo
545 2024 599 2080 rati
613 2024 731 2080 humum
754 2023 862 2080 aridam
876 2033 962 2080 vento
977 2023 1095 2099 agitarit

162 2123 244 2192 post,
260 2111 310 2168 ubi
325 2111 492 2186 aequabilem
513 2131 638 2184 manere,
653 2123 691 2184 et,
710 2113 796 2170 'siouti
818 2114 895 2171 acies
915 2115 1093 2186 movebatur,

164 2203 261 2280 magis
282 2201 431 2278 magisque
452 2202 679 2278 adpropinquare
698 2203 806 2275 vident,
824 2203 942 2280 cognita
968 2223 1009 2276 re,
1030 2223 1094 2280 pro·

164 2303 301 2371 perantes
316 2310 394 2349 arma
408 2292 534 2367 capiunt,
549 2311 583 2350 ao
596 2313 649 2368 pro
663 2295 773 2367 castris,
788 2295 874 2353 sicuti
889 2295 1093 2371 imperabatur,

166 2385 339 2444 consistunt.
380 2382 504 2454 Deinde,
518 2384 569 2440 ubi
590 2385 708 2460 propius
730 2397 848 2442 ventum
870 2395 923 2455 est,
946 2387 1094 2458 utrimque

167 2491 275 2551 magno
297 2474 423 2532 elamore
444 2475 633 2530 oonourritur.
675 2475 811 2532 Numidae
833 2475 1032 2531 tantummodo
1050 2491 1116 2537 re,-

144 2565 282 2635 morati,
304 2565 372 2622 dum
396 2564 428 2621 in
451 2564 611 2638 elephantis
638 2564 775 2622 auxilium
796 2572 914 2636 putant3
942 2571 1094 2635 postquam

154 2673 220 2713 eos
234 2655 385 2729 impeditos
399 2654 487 2711 ramis
501 2654 644 2724 arborum,
657 2663 741 2726 atque
762 2653 803 2709 ita
823 2651 958 2727 disjeotos
971 2650 1095 2708 oiroum·

168 2745 260 2803 veniri
273 2746 380 2815 vident,
401 2744 498 2820 sugam
513 2743 640 2800 faciunt:
662 2761 696 2799 ae
709 2742 848 2818 plerique,
864 2741 983 2817 abjeetis
997 2741 1094 2811 armis,

171 2835 262 2906 oollis,
276 2835 438 2905 autnootis,
450 2852 513 2908 que
525 2833 584 2908 jam
599 2835 707 2905 aderat,
723 2833 830 2891 auxilio
850 2833 954 2911 integri
976 2834 1091 2894 abeunt.

170 2925 325 3000 Elephanti
339 2935 460 3000 quatuor
476 2925 563 3000 eapti,
583 2925 687 2999 reliqui
708 2943 818 2997 omnes,
832 2943 954 2983 numero
972 2925 1093 3000 quadra·

169 3016 259 3094 ginta,
275 3016 426 3073 interlecti.
468 3015 508 3072 At
529 3016 668 3087 Romani,
691 3035 862 3091 quamquam
884 3016 986 3073 itinere
1008 3023 1093 3084 atquo

168 3125 257 3181 opere
278 3117 436 3164 castrorum
458 3115 487 3162 et
509 3107 609 3180 praelio
630 3105 697 3162 sessi
718 3106 834 3179 laetique
860 3113 959 3171 erant3
984 3110 1093 3168 tamen,

170 3197 247 3270 quod
275 3197 410 3254 Metellus
440 3196 560 3270 amplius
586 3195 723 3268 opinione
754 3193 928 3258 morabatur,
961 3186 1094 3244 instructi

170 3285 331 3360 intentique
354 3286 468 3344 obviam
488 3283 658 3359 procedunt.
700 3282 777 3338 Nam
800 3279 883 3334 dolus
900 3273 1094 3334 Numidarum

169 3375 243 3434 nihil
270 3377 410 3453 languidi,
439 3392 533 3448 neque
558 3369 671 3430 remissi
696 3369 865 3443 patiebatur.
920 3365 968 3422 Ao
991 3362 1094 3438 primo,

169 3464 295 3523 obseura
321 3477 417 3535 noete,
445 3475 595 3539 postquam
623 3457 700 3516 haud
725 3457 826 3532 procul
851 3456 924 3513 inter
948 3473 979 3513 se
1003 3465 1095 3530 eram,

169 3557 301 3632 strepitu,
315 3556 394 3614 velut
408 3555 504 3611 hostes
528 3553 692 3622 adventare,
717 3546 799 3606 alteri
817 3547 892 3624 apud
916 3547 1021 3606 alteros
1040 3545 1096 3604 for·
