2656 4276
477 313 641 358 amnusrir
662 313 841 378 rusorum.
1079 296 1123 362 93

190 473 245 520 sos
258 456 347 534 ipsos,
361 455 411 532 qui
425 455 457 514 in
469 443 611 531 presidiis
621 466 712 528 erant,
725 455 851 532 pecunia
863 463 1023 532 temptare:
1042 473 1123 532 proa-

190 567 246 609 sus
257 549 329 608 nihil
350 548 502 620 intactum,
517 565 611 622 neque
631 547 761 622 quietum
783 547 862 623 pati:
883 556 991 604 cuncta
1002 546 1119 624 agitare.

189 637 287 718 Igitur
307 640 483 711 Vaccenses,
503 656 561 712 quo
582 635 721 696 Metellus
743 636 837 710 initio,
858 637 1004 716 iugurtha
1023 637 1121 713 pacifi-

189 738 287 802 cante,
310 729 476 806 presidium
497 729 683 804 imposuerat,
708 728 818 806 fatigati
850 728 928 806 regis
960 729 1119 806 suppliciis,

189 837 288 895 neque
303 831 386 884 autea
398 821 545 879 voluntate
560 820 686 892 alienati,
700 820 847 896 principes
861 820 986 878 civitatis
1000 821 1074 878 iuter
1087 837 1120 880 sc

189 910 362 986 conjurant:
382 931 449 970 nam
470 912 581 988 volgus,
596 911 639 969 uti
659 911 829 987 plerumque
847 910 973 981 solet,et
988 927 1121 968 maxum

187 999 394 1074 Numidarum,
416 1002 535 1079 ingenio
558 1002 667 1074 mobili,
681 1003 852 1060 seditiosum
874 1010 961 1076 atque
981 999 1121 1058 discordi·

188 1109 272 1150 osum
286 1103 356 1164 erat,
369 1094 509 1169 cupidum
529 1112 667 1152 novarum
680 1111 788 1163 rerum,
803 1091 894 1170 quieti
905 1101 934 1150 et
947 1091 1009 1150 otio
1023 1091 1121 1150 advor-

189 1199 261 1242 sum.
303 1182 391 1256 Dein,
407 1184 574 1260 compositis
592 1185 666 1243 inter
685 1203 716 1242 se
735 1186 832 1257 rebus,
852 1184 883 1242 iu
904 1183 982 1242 diem
1002 1183 1120 1240 tertium

189 1273 381 1344 constituunt,
410 1275 488 1348 quod
514 1275 539 1331 is
565 1275 655 1332 festus
681 1276 900 1348 celebratusque
925 1292 976 1349 per
1001 1290 1119 1330 omnem

187 1360 333 1434 Africam,
357 1363 459 1420 ludum
482 1373 513 1419 et
530 1363 678 1420 lasciviam
701 1364 803 1439 magis,
827 1381 913 1436 quam
936 1363 1120 1418 formidinem

186 1453 365 1512 ostentabat
407 1451 477 1521 Sed,
498 1451 549 1508 ubi
569 1460 682 1525 tempus
696 1451 760 1522 fuit,
774 1451 960 1507 centuriones
978 1451 1121 1508 tribunos·

186 1561 247 1618 que
262 1541 406 1612 militaris,
421 1550 451 1598 et
471 1541 565 1616 ipsum
584 1540 752 1616 prefectum
770 1539 880 1615 oppidi,
902 1539 940 1596 T.
955 1539 1122 1614 Turpilium

187 1632 336 1703 Silanum,
362 1631 434 1689 alius
457 1631 547 1689 alium
569 1632 673 1688 domos
693 1649 759 1688 suns
782 1630 923 1688 invitant:
944 1648 994 1688 eos
1016 1633 1120 1705 omnis,

187 1733 293 1799 preter
308 1723 485 1798 Turpilium,
500 1723 574 1780 iuter
594 1722 695 1798 epulas
714 1723 908 1780 obtruncant:
928 1732 1028 1797 postea
1048 1723 1121 1782 mili·

185 1813 382 1889 respuentis,
397 1814 533 1885 inermos,
549 1814 656 1889 quippe
676 1813 706 1870 in
726 1813 777 1870 tali
797 1813 845 1870 die
864 1831 898 1870 ac
912 1813 975 1870 siue
989 1813 1120 1887 imperio,

188 1904 406 1981 adgrediuntur.
448 1905 531 1964 Idem
550 1905 651 1980 plebes
672 1904 751 1976 fecit,
764 1923 831 1979 pars
851 1903 947 1962 edocti
968 1903 1004 1960 ab
1018 1902 1121 1962 nobili·

187 2003 259 2065 tate,
276 1995 325 2052 alii
338 1995 434 2052 studio
453 1995 556 2052 talium
574 2014 672 2053 rerum
692 1994 816 2065 incitati,
831 1995 905 2068 quis,
920 2005 986 2052 acta
1005 1993 1120 2052 consili·

186 2100 300 2156 umque
331 2083 542 2160 ignorantibus,
569 2085 709 2143 tumultus
734 2085 796 2161 ipse
818 2095 849 2144 et
876 2103 922 2143 res
947 2101 1029 2144 novas
1050 2085 1119 2146 satis

184 2171 352 2249 placebant.

226 2261 352 2322 LXVII.
375 2261 505 2322 Romani
518 2265 634 2338 milites,
646 2265 800 2343 improviso
810 2279 899 2340 metu,
917 2267 1022 2327 incerti
1037 2268 1117 2346 ignc

185 2351 270 2429 rique
290 2353 361 2426 quid
383 2356 575 2431 potissumum
607 2358 744 2430 lacerent,
768 2360 927 2434 trepidare;
960 2361 996 2416 sd
1020 2377 1118 2418 arcem

186 2443 296 2520 oppidi,
319 2445 369 2504 ubi
393 2447 476 2522 signa
499 2458 528 2504 et
552 2458 636 2504 scuta
658 2460 759 2506 erant:
788 2449 957 2523 presidium
980 2449 1118 2520 hostium,

186 2545 277 2610 portae
298 2545 366 2594 ante
387 2537 492 2594 clause
507 2537 605 2611 fugam
625 2538 836 2610 prohibebam
859 2537 894 2594 sd
912 2537 970 2592 hoc
983 2537 1119 2594 mulieres

186 2626 328 2700 puerique
341 2643 394 2699 pro
412 2626 498 2682 tectis
518 2625 707 2682 aedificiorum
728 2645 806 2697 saxa,
822 2637 852 2684 et
872 2626 937 2695 sliu,
952 2645 1015 2698 quae
1036 2625 1119 2684 locus

187 2705 345 2790 prebebat,
373 2715 505 2772 certatim
529 2714 652 2772 mittere.
702 2715 748 2772 lta
771 2733 866 2790 neque
889 2715 985 2774 caveri
1012 2733 1119 2792 anceps

188 2806 307 2878 mulum,
322 2824 418 2880 neque
440 2825 457 2862 a
479 2805 650 2864 fortissumis
672 2807 876 2866 infirmissumo
899 2811 999 2885 generi
1022 2807 1118 2868 resisti

186 2895 288 2979 posse:
307 2896 390 2972 juxta
411 2897 479 2954 boni
499 2897 634 2972 malique,
648 2898 758 2956 strenui
774 2909 803 2957 et
823 2899 954 2959 imbelles
968 2901 1053 2960 inulti
1066 2901 1117 2958 ob-

187 2986 325 3043 truncari.
367 2986 401 3043 In
419 3006 455 3044 ea
467 2997 548 3044 tanta
569 2990 730 3064 asperitate,
745 2992 917 3050 saevissumis
936 2992 1075 3050 Numidis
1088 3001 1117 3048 et

187 3075 294 3150 oppido
304 3075 432 3150 undique
452 3077 561 3149 clauso,
576 3079 728 3154 Turpilius
746 3083 900 3154 prefectus
918 3101 994 3138 unus
1008 3100 1044 3138 ex
1057 3095 1117 3135 om-

186 3165 273 3224 nibus
286 3165 396 3224 Italicis
409 3167 537 3244 profugit
551 3169 696 3226 intactus:
717 3170 748 3226 id
762 3169 1001 3228 misericordiane
1021 3165 1117 3239 hospi·

135 3301 150 3320 .
187 3255 235 3327 tis,
249 3275 286 3314 au
299 3258 444 3331 pactione,
457 3277 493 3316 an
504 3275 575 3314 casu
588 3259 629 3314 ita
642 3259 780 3329 emerit,
789 3276 891 3333 parum
906 3254 1114 3330 comperimus3

185 3345 253 3417 uisi,
267 3346 336 3422 quia
348 3347 391 3406 illi
403 3348 433 3406 iu
446 3357 528 3406 tanto
541 3347 617 3404 malo
630 3346 722 3420 turpis
734 3347 793 3405 vita
806 3348 919 3422 integra
933 3345 1009 3402 sarna
1020 3343 1115 3420 potior

187 3435 250 3510 fuit,
265 3436 414 3512 improbus
428 3436 656 3512 intestabilisque
670 3435 791 3494 videtur.

224 3527 368 3594 LXVIII.
400 3527 547 3602 Metellus,
571 3537 724 3608 postquam
745 3525 784 3586 da
806 3527 894 3586 rebus
913 3525 1020 3586 vacce
1041 3525 1115 3586 actis
