2656 4276
239 365 283 428 72
520 383 686 426 santusrrr
707 379 888 424 manarat.

239 524 373 596 dederut;
395 543 487 601 regno
504 525 606 602 magis,
620 541 707 598 quam
728 521 848 580 vadibus
862 519 1029 594 considens,
1044 521 1123 580 clam
1142 523 1171 583 itt

239 615 409 674 Numidiam
420 617 614 674 Bomilcarem
628 613 755 684 dimittit,
766 613 884 682 veritus,
895 629 933 668 ne
943 612 1073 688 reliquos
1083 632 1173 689 popu·

239 707 307 766 latis
320 718 415 766 metus
429 708 576 766 invaderet
594 706 714 783 parendi
735 703 801 776 sibi,
817 704 843 762 si
863 704 900 760 de
924 703 974 760 illo
996 705 1177 780 supplicium

239 809 385 874 sumptum
407 800 488 856 soret
530 797 569 856 Et
590 799 651 872 ipse
664 796 765 872 paucis
778 795 882 852 diebus
901 795 1005 852 eodem
1024 794 1173 871 profectus

240 899 294 960 est,
319 889 416 965 jussus
438 891 474 946 ab
501 898 603 946 senatu
626 887 711 945 Italia
732 886 883 944 decedere.
925 885 995 956 Sed,
1020 895 1171 963 postquam

241 977 340 1036 Roma
365 997 498 1056 egressus
524 989 577 1049 est,
601 978 690 1035 fertur
716 995 792 1051 sepe
814 993 852 1033 eo
877 975 985 1032 tacitus
1012 976 1172 1051 respiciens

240 1080 386 1145 postremo
406 1071 521 1138 dixisse,
543 1069 673 1124 “urbem
686 1066 817 1124 venalem
831 1075 860 1123 et
873 1075 985 1123 mature
1002 1067 1171 1141 perituram,

241 1159 267 1216 si
280 1169 437 1233 emptorem
452 1158 594 1215 invenerit
605 1159 611 1214 l
621 1159 638 1184 ''
1035 1227 1041 1239 ἱ

281 1248 427 1306 XXXVI.
455 1248 576 1306 Interim
597 1247 733 1318 Albinus,
755 1257 894 1304 renovato
917 1246 1004 1316 bello,
1029 1265 1173 1308 commea·

241 1349 314 1411 tum,
328 1339 511 1414 stipendium,
528 1339 640 1414 aliaque
659 1357 722 1412 quae
743 1338 883 1394 militibus
903 1337 969 1394 usui
989 1338 1093 1409 forent,
1115 1357 1172 1397 ma·

241 1439 319 1488 turut
343 1430 373 1488 in
393 1430 523 1486 Africam
543 1437 677 1505 portare,
700 1447 734 1486 ac
751 1429 846 1486 statim
870 1429 931 1503 ipse
951 1428 1109 1502 profectus,
1129 1428 1171 1487 uti

244 1531 310 1579 ante
324 1521 451 1592 comitia,
466 1522 543 1597 quod
562 1531 675 1596 tempus
691 1520 768 1577 haud
788 1521 874 1596 longe
889 1521 996 1591 aberat,
1012 1521 1110 1592 armis,
1125 1529 1172 1578 aut

243 1609 401 1682 deditione,
416 1622 464 1668 aut
475 1611 576 1685 quovis
590 1611 677 1668 modo
691 1611 798 1668 bellum
812 1609 977 1667 conficeret.
1019 1610 1061 1667 At
1072 1621 1172 1668 contm

244 1699 389 1776 Iugurtha
401 1702 514 1758 trahere
527 1702 635 1771 omnia,
648 1711 676 1758 et
691 1701 770 1771 alias,
785 1700 890 1757 deinde
906 1700 976 1756 alias
990 1719 1078 1758 morae
1093 1719 1172 1759 caus·

243 1809 290 1849 sas
303 1791 415 1850 facere:
436 1793 568 1867 polliceri
582 1792 769 1862 deditionem,
784 1809 819 1848 ac
839 1791 945 1847 deinde
963 1802 1073 1848 metunt
1087 1792 1172 1849 simu·

243 1881 320 1940 lare:
345 1883 449 1940 cedere
469 1883 597 1954 instanti,
618 1892 648 1938 et
666 1881 764 1956 paullo
787 1891 861 1956 post,
883 1899 921 1938 ne
940 1881 986 1938 sui
1006 1882 1170 1954 diffiderint,

244 1972 368 2032 instare:
403 1974 444 2031 ita
470 1975 538 2031 belli
564 1973 662 2044 modo,
689 1973 776 2028 modo
799 1972 881 2047 pacis
907 1991 997 2044 mora,
1023 1973 1172 2030 consulem

243 2063 401 2122 ludificare.
443 2066 490 2121 Ao
511 2064 601 2135 suere,
621 2065 671 2138 qui
691 2073 753 2120 tum
774 2063 913 2119 Albinum
937 2063 1013 2120 haud
1040 2063 1172 2140 ignarum

244 2155 359 2210 consilii
378 2155 454 2230 regis
476 2156 691 2225 existumarent,
713 2173 808 2228 neque
832 2173 868 2210 ex
889 2163 969 2210 tanta
990 2154 1172 2229 properantia

243 2253 302 2300 tam
330 2244 415 2300 facile
436 2255 558 2300 tractum
580 2245 687 2300 bellurn
714 2245 847 2302 socordia
866 2245 969 2320 magis,
987 2263 1075 2319 quum
1096 2245 1171 2316 dolo,

244 2332 404 2392 crederent.
446 2333 505 2390 Sed
520 2344 682 2408 postquam,
697 2335 808 2411 dilapso
827 2346 967 2410 tempore,
989 2335 1171 2393 comitiorum

244 2423 307 2480 dies
322 2424 501 2497 adventabat,
522 2425 658 2498 Albinus,
680 2427 759 2484 Aulo
773 2425 859 2484 fratre
873 2426 903 2483 in
923 2426 1025 2484 castris
1037 2445 1092 2504 pro
1104 2443 1172 2503 prm·
1282 2417 1285 2421 ⁸

244 2525 307 2574 tore
321 2516 433 2586 relicto,
448 2515 574 2574 Romam
589 2516 722 2575 decessit.

284 2606 444 2671 XXXVII.
481 2607 525 2666 Ea
550 2617 720 2684 tempestate
745 2607 850 2665 Romo
874 2607 1065 2667 seditionibus
1085 2609 1173 2666 tribu·

244 2699 331 2756 niciis
346 2699 479 2756 atrociter
501 2699 664 2774 respublica
685 2699 854 2776 agitabatur.
895 2699 927 2756 Ρ.
942 2698 1083 2756 Lucullus
1097 2709 1127 2756 et
1138 2697 1170 2757 L.

245 2790 371 2858 Annius,
385 2789 494 2845 tribuni
513 2789 616 2864 plebis,
630 2789 830 2846 resistentibus
850 2789 981 2865 collegis,
1003 2790 1172 2848 continuare

244 2877 443 2952 magistratum
456 2878 639 2940 nitebantur:
660 2897 724 2952 qum
738 2879 880 2937 dissensio
900 2880 989 2936 totius
1003 2880 1071 2937 anni
1085 2879 1173 2936 comi·

245 2966 286 3024 tia
299 2966 480 3042 impediebat.
523 2966 568 3023 Ea
581 2987 662 3026 mora
672 2969 703 3026 iu
717 2988 796 3045 spem
813 2970 954 3028 adductus
967 2971 1072 3041 Aulus,
1088 2987 1173 3045 quem

244 3076 297 3136 pro
310 3067 432 3134 pretore
453 3058 484 3115 in
503 3058 604 3116 castris
625 3060 758 3117 relictum
779 3061 1013 3137 supradiximus,
1036 3071 1085 3119 aut
1106 3079 1173 3119 con·

243 3150 366 3209 ficiundi
392 3149 471 3220 belli,
499 3157 549 3206 aut
573 3160 684 3207 terrore
709 3152 855 3209 exercitus
882 3151 918 3208 ab
945 3168 1015 3228 rege
1039 3151 1171 3227 pecunia

243 3241 405 3318 capiunda,
426 3241 533 3300 milites
552 3259 652 3298 mense
666 3240 685 3298 J
687 3242 807 3300 anutrIo
819 3259 857 3300 ex
870 3242 1000 3299 bibernis
1014 3241 1045 3299 in
1059 3241 1171 3320 expedi·
1191 3285 1207 3314 „

243 3332 351 3392 bouem
366 3343 485 3390 evocat:
506 3333 675 3409 magnisque
697 3332 858 3405 itineribus,
873 3332 969 3390 bieme
986 3349 1097 3408 aspera,
1111 3348 1173 3409 per·

243 3423 322 3479 venit
336 3423 372 3480 ad
385 3423 523 3499 oppidum
538 3423 653 3496 lutbul,
669 3422 718 3480 ubi
732 3423 809 3500 regis
819 3421 947 3480 thesauri
958 3431 1049 3482 erant.
1080 3420 1173 3485 Quod

243 3525 415 3584 quamquam
442 3522 471 3570 et
497 3513 606 3570 saevitia
632 3512 779 3586 temporis,
806 3522 836 3568 et
861 3513 1077 3587 opportunitate
1102 3511 1172 3586 loci,

243 3614 338 3674 neque
358 3601 433 3674 capI,
444 3603 539 3675 neque
552 3601 679 3662 obsideri
691 3611 814 3678 poterat,
826 3599 909 3680 (nam
922 3603 1036 3662 circum
1046 3621 1172 3676 murum,
