2656 4276
500 323 663 368 smnusrrr
685 319 847 365 cnnrnmr.
1095 301 1139 366 29

208 469 328 549 premia
341 469 536 526 decernuntur
547 488 555 538 ;
576 465 683 538 liberti,
697 475 726 523 et
738 463 824 541 pauci
838 479 875 520 ex
888 458 1043 519 clientibus
1062 459 1138 521 Len·

211 562 276 634 tuli,
289 560 410 618 divorsis
424 559 586 630 itineribus,
601 558 721 633 opifices
735 566 819 630 atque
833 553 950 612 servitia
963 553 993 610 in
1007 552 1079 610 vicis
1100 553 1137 611 ad

210 671 277 712 enm
290 653 472 729 eripiendum
486 651 691 720 sollicitabant,
712 648 817 724 partim
837 646 1026 721 exquirebant
1045 645 1137 704 duces

209 744 437 814 multitudinum,
449 743 498 816 qui
511 741 604 817 pretio
614 740 822 815 rempublicam
833 757 936 796 vexare
950 737 1027 795 soliti
1035 743 1118 795 crant
1125 755 1134 808 ;

210 834 360 909 Cethegus
385 843 489 903 autern,
513 851 563 907 per
585 832 720 903 nuncios,
745 830 884 888 familiam
909 838 993 903 atque
1016 829 1136 886 libertos
1197 884 1202 893 ‚

213 941 291 995 suos,
305 924 396 981 lectos
409 933 438 981 et
451 924 621 981 exercitatos
635 924 665 980 in
681 922 843 992 audaciam,
865 921 974 987 orabat,
996 930 1029 976 ut
1048 935 1137 996 grege

211 1013 386 1086 saetacum
409 1015 474 1072 telis
499 1015 534 1072 ad
558 1033 620 1072 sese
645 1015 845 1088 irrumperent.
887 1011 1009 1082 Consul,
1031 1011 1081 1066 ubi
1102 1025 1138 1068 ca

209 1105 303 1182 parari
318 1106 463 1182 cognovit,
474 1105 620 1180 dispositis
632 1105 782 1180 praesidiis,
798 1114 830 1160 ut
849 1122 896 1161 res
917 1113 1003 1178 atque
1022 1111 1137 1176 tempus

209 1197 354 1267 mouebat,
381 1207 543 1254 convocato
574 1206 686 1267 senatu,
714 1195 812 1267 refert,
839 1195 908 1268 quid
937 1195 972 1252 de
1000 1193 1045 1251 his
1072 1191 1135 1252 lieri

208 1284 331 1360 placeat,
363 1287 414 1360 qui
444 1287 474 1344 in
506 1286 668 1342 custodiam
700 1285 799 1342 traditi
835 1294 926 1342 erant.
981 1285 1040 1342 Sed
1073 1301 1134 1356 eos,

208 1376 307 1451 paullo
335 1387 411 1445 aute,
432 1376 567 1448 frequens
588 1385 704 1430 senatus
728 1374 917 1448 judicaverat,
942 1385 1044 1430 contra
1062 1391 1136 1429 rem·

208 1464 359 1539 publicam
389 1463 502 1518 fecisse.
556 1462 637 1518 Tum
662 1463 699 1518 D.
727 1462 834 1518 lunius
868 1463 994 1534 Silanus,
1027 1463 1138 1537 primus

210 1553 384 1610 sententiam
398 1562 526 1628 rogatus,
541 1552 617 1626 quod
638 1570 674 1609 eo
694 1561 823 1628 tempore
846 1553 947 1609 consul
971 1551 1138 1628 designatus

208 1652 281 1714 erat,
297 1643 333 1700 de
348 1643 392 1700 his
405 1642 455 1718 qui
470 1643 499 1698 iu
524 1643 663 1699 custodiis
683 1644 864 1715 tenebantur,
887 1652 1024 1719 praeteren
1045 1644 1082 1700 de
1102 1641 1136 1701 L.

209 1733 322 1804 Cassio,
338 1733 369 1791 P.
385 1733 486 1804 Furio,
501 1733 533 1790 Ρ.
548 1733 706 1806 Umbreno,
725 1733 766 1796 Q.
789 1734 898 1806 Annio,
920 1735 945 1790 si
966 1733 1137 1809 deprehensi

209 1823 315 1895 forent,
329 1825 503 1900 supplicium
523 1825 695 1882 sumendum
717 1825 903 1882 decreverat:
925 1825 1007 1898 isque
1026 1835 1136 1901 postea,

208 1924 355 1990 permotus
369 1915 498 1972 oratione
513 1914 547 1972 G.
559 1914 693 1986 Caesnris,
704 1915 827 1990 pedibus
842 1916 871 1972 in
886 1915 1057 1972 sententiam
1066 1915 1135 1975 Tib.

209 2003 339 2062 Neronis
362 2005 470 2062 iturum
493 2023 525 2062 se
547 2005 676 2077 dixerat3
699 2007 775 2080 quod
803 2007 840 2064 de
866 2025 901 2064 ea
928 2025 970 2078 re,
993 2007 1136 2082 praesidiis

210 2093 326 2166 additis,
341 2095 526 2152 referundum
541 2106 700 2154 censuerat.
743 2098 802 2154 Sed
816 2099 924 2170 Caesar,
939 2099 990 2156 ubi
1011 2101 1046 2156 ad
1067 2117 1135 2158 eum

209 2194 326 2244 ventum
340 2195 394 2257 est,
408 2196 525 2262 rogatus
546 2187 718 2246 seutentiam
743 2207 760 2246 a
781 2191 911 2262 consule,
933 2189 1134 2268 hujuscemodi

209 2276 295 2333 verba
308 2277 424 2333 locutus
437 2287 489 2334 est.

248 2365 297 2424 Ll.
328 2365 462 2423 “Omnis
477 2368 617 2441 homines,
631 2368 731 2428 Patres
745 2371 912 2447 conscripti,
927 2373 977 2447 qui
996 2373 1033 2430 de
1046 2374 1134 2432 rebus

210 2455 305 2515 dubiis
325 2458 499 2530 consultant,
525 2460 561 2516 ab
584 2461 662 2533 odio,
688 2462 825 2534 amicitia,
847 2464 891 2519 ira
915 2472 1001 2537 atque
1023 2463 1134 2521 miseri-

209 2547 318 2618 cordis,
331 2567 438 2605 vacuos
457 2567 521 2606 esse
544 2550 637 2606 dccet.
679 2551 767 2607 Haud
791 2551 877 2607 focile
902 2552 1014 2606 animus
1034 2569 1134 2610 verum

209 2636 350 2710 providet,
376 2639 425 2695 ubi
453 2639 503 2696 illa
528 2640 684 2708 obficiunt;
713 2657 808 2712 neque
829 2639 980 2713 quisquam
1004 2640 1134 2699 omnium

209 2725 333 2784 lubidini
347 2727 430 2786 simul
444 2739 472 2786 et
485 2730 551 2787 usui
570 2729 674 2804 paruit.
715 2728 773 2786 Ubi
793 2728 952 2786 intenderis
972 2728 1145 2806 ingenium,-

209 2815 303 2874 valet:
333 2818 358 2874 si
379 2819 479 2876 lubido
505 2821 642 2894 possidet,
670 2837 706 2877 ea
728 2819 903 2894 dominatur,
926 2821 1038 2880 animus
1059 2821 1132 2882 nihil

208 2906 290 2965 ualet.
332 2907 443 2985 Magna
455 2910 527 2967 mihi
541 2911 626 2986 copia
640 2921 684 2969 est
697 2913 886 2985 memorandi,
901 2913 933 2972 P.
945 2914 979 2972 G.
990 2916 1040 2990 qui
1048 2933 1133 2992 reges

208 3007 294 3072 atque
305 3000 417 3074 populi,
431 3001 474 3058 irs
499 3011 547 3058 sut
561 3002 760 3060 misericordia
780 3004 906 3080 impulsi,
928 3007 1003 3062 male
1027 3023 1134 3061 cousu-

206 3086 331 3147 lueriut:
352 3090 402 3147 sed
416 3109 451 3148 ea
464 3091 540 3149 malo
560 3093 667 3164 dicere,
689 3113 751 3168 qum
766 3095 888 3169 majores
909 3095 1010 3162 nostri,
1032 3101 1133 3150 contra

207 3177 367 3238 lubidinem
392 3181 481 3240 enimi
502 3183 546 3240 'sui
569 3194 650 3240 reete
674 3194 758 3258 atque
779 3185 881 3240 ordine
905 3181 1008 3237 fecere.
1050 3179 1134 3242 Bello

207 3265 411 3343 Macedonico,
426 3273 504 3346 quod
518 3291 585 3328 curn
598 3291 667 3347 rege
679 3273 767 3330 Perse
781 3273 932 3348 gessimus,
947 3269 1133 3330 Rhodiorum

206 3359 317 3432 civitas,
345 3379 452 3438 magna
479 3372 563 3436 atque
590 3361 753 3435 magnilica,
780 3379 844 3434 qum
870 3359 970 3434 populi
1002 3359 1132 3421 Romani

202 3449 306 3526 opibus
333 3462 474 3523 creverat,
502 3451 591 3509 infida
618 3459 703 3525 atque
727 3450 846 3506 advorsa
868 3449 952 3507 nobis
973 3451 1046 3510 fnit:
1080 3451 1132 3510 scd

201 3551 367 3618 postquam,
395 3542 472 3600 bello
499 3541 644 3614 confecto,
671 3540 708 3598 de
734 3539 860 3600 Rhodiis
886 3544 1050 3603 consultum
1077 3549 1131 3611 est,

463 3629 512 3689 3*
