2656 4276
457 387 624 432 sumnam
643 387 823 433 reconna
1060 367 1101 432 51

167 523 246 586 aidia
259 529 340 607 regni
354 539 432 602 sunt,
447 549 547 589 rerum
562 531 659 604 amici,
674 549 747 607 quos
767 549 861 608 neque
883 529 970 589 armis
986 545 1102 608 cogere,

168 636 266 693 neque
281 639 350 678 auro
363 639 465 696 parare
478 641 585 698 queas:
607 622 704 681 officio
716 635 745 680 et
756 623 812 680 lide
824 622 983 698 pariuntur.
1022 621 1103 683 Quis

167 723 266 767 eutem
293 711 423 784 amicior,
444 731 530 788 quam
556 713 642 771 irater
664 714 765 772 fratri‘l
793 725 951 798 autquem
975 712 1102 772 alienum

120 828 136 841 ··
163 795 259 857 fidum
273 801 415 874 invenies,
430 803 454 860 si
468 805 525 861 tuis
539 804 630 861 bostis
649 805 759 862 iuerisl
792 804 935 879 Equidem
951 821 1006 880 ego
1019 802 1102 861 robis

166 907 296 965 regnum
306 892 388 949 trado
397 893 519 966 firmum,
530 895 554 952 ai
566 895 635 951 boni
646 895 743 965 eritis;
765 885 810 951 'ain
824 895 901 966 mali,
913 894 1100 952 imbecillum.

166 977 249 1038 Nam
272 983 430 1040 concordia
451 1003 544 1056 parvae
565 1004 613 1043 res
633 995 779 1056 crescunt,
794 985 939 1042 discordia
961 1001 1102 1042 maxumo

165 1069 346 1130 dilabuntur.
393 1073 530 1133 Ceterum
551 1086 618 1133 ante
639 1076 691 1133 bos
712 1087 751 1148 te,
773 1075 927 1153 Iugurtha,
948 1075 997 1150 qui
1018 1083 1102 1132 etate

163 1162 360 1237 etrapientia
382 1165 523 1238 priores,
545 1185 582 1224 ne
605 1167 686 1224 aliter
709 1167 778 1241 quid
801 1167 924 1238 eveniat,
949 1165 1101 1241 providere

164 1249 261 1311 decet.
311 1249 401 1326 Na'm,
426 1256 456 1312 in
484 1257 564 1314 omni
591 1258 759 1328 certamine,
784 1258 833 1332 qui
855 1257 1019 1333 opulentior
1045 1265 1100 1328 est,

163 1339 291 1400 etiamsi
307 1345 415 1419 accipit
436 1345 582 1419 injuriam,
596 1355 693 1402 tamen
715 1347 783 1418 qnia
803 1347 866 1420 plus
885 1357 989 1422 potest,
1005 1346 1101 1404 lacere

162 1431 292 1489 ridetur.
333 1433 396 1490 Vos
408 1442 514 1503 autem,
525 1433 671 1489 Adherbal
685 1444 714 1489 et
727 1435 886 1508 Hiempsal,
898 1437 995 1504 colite,
1006 1438 1102 1492 obser·

163 1530 233 1578 nate
248 1521 338 1578 telem
358 1520 437 1578 hunc
451 1521 555 1592 virum,
570 1521 721 1578 imitamini
740 1523 884 1594 virtutem,
899 1534 928 1580 et
947 1523 1101 1596 enitimini,

163 1630 204 1670 ne
219 1627 280 1688 ego
294 1610 429 1668 meliores
440 1610 547 1667 liberos
558 1611 714 1686 sumpsisse
725 1612 831 1683 videar,
843 1631 927 1686 quam
937 1612 1101 1690 genuisae.”

205 1701 266 1759 XI.
296 1702 345 1759 Ad
373 1719 408 1758 ea
429 1701 584 1778 Jugurtlra,
612 1702 727 1759 tametsi
753 1720 850 1779 regem
877 1703 946 1760 licta
971 1702 1102 1764 locutum

164 1790 367 1869 intellegebat,
382 1801 411 1850 et
433 1792 494 1867 ipse
516 1792 603 1869 longe
625 1792 707 1849 aliter
729 1793 827 1850 animo
849 1793 984 1870 agitabat,
1004 1804 1102 1854 tameo

163 1901 219 1960 pro
243 1892 374 1958 tempore
398 1883 524 1959 benigne
554 1882 711 1958 respondit
761 1883 886 1960 Micipsa
911 1884 1013 1959 paucis
1038 1893 1102 1959 post

164 1973 273 2031 diebus
294 1974 421 2034 moritur.
463 1974 619 2048 Postquam
641 1973 692 2045 illi,
715 1992 795 2032 more
816 1975 907 2052 regio,
927 1975 1005 2051 justa
1024 1993 1102 2052 mag·

164 2063 259 2122 nilico
273 2064 412 2134 fecerant,
418 2064 510 2139 reguli
525 2065 554 2120 in
565 2083 655 2121 unum
668 2075 875 2137 convenerunt,
890 2075 922 2122 ut
935 2065 1010 2122 inter
1021 2083 1053 2123 ae
1064 2066 1101 2126 de

165 2153 287 2212 cunctis
308 2153 433 2229 negotiis
451 2153 652 2229 disceptarent.
694 2155 751 2212 Sed
768 2155 928 2231 Hiempsal,
943 2156 992 2231 qui
1007 2155 1099 2214 minu-

165 2262 233 2302 mus
248 2261 285 2300 ex
302 2241 360 2300 illia
379 2254 451 2315 erat,
463 2245 663 2317 naturalerox,
676 2247 774 2321 etjam
789 2257 874 2305 antea
887 2247 1099 2324 ignobilitatem

166 2333 320 2411 Jugurtho
344 2332 426 2409 [quia
445 2345 575 2392 materno
595 2354 702 2412 genere
722 2337 812 2412 impar
826 2339 900 2417 erat]
923 2339 1098 2414 despiciens,

165 2423 269 2482 dextra
290 2425 483 2483 Adherbalem
505 2426 632 2496 adsedit;
653 2445 691 2482 ne
711 2427 823 2485 medius
842 2446 878 2484 ex
898 2429 999 2500 tribua,
1020 2427 1099 2502 quod

167 2515 244 2590 apud
272 2513 416 2572 Numidas
442 2515 545 2572 honori
569 2515 696 2586 ducitur,
718 2515 863 2593 Jugurtha
889 2517 971 2573 soret.
1020 2517 1100 2575 Dein

167 2614 276 2676 tamen,
301 2615 331 2662 ut
355 2605 432 2662 artati
453 2605 640 2675 concederet,
668 2605 843 2681 fatigatuse
869 2605 968 2674 fratre,
995 2605 1043 2661 via
1068 2607 1100 2664 in

168 2704 279 2770 partem
302 2694 420 2752 alteram
440 2695 627 2752 transductus
650 2701 702 2750 est.
756 2693 802 2749 Ibi
830 2710 917 2767 quum
946 2693 1037 2752 multa
1062 2694 1099 2754 dc

169 2785 397 2842 administrando
418 2784 540 2860 imperio
561 2783 744 2854 dissererent,
765 2783 910 2860 Jugurtha
933 2783 1007 2842 inter
1028 2785 1100 2846 alias

168 2893 214 2932 res
224 2875 313 2950 jecit:
335 2887 469 2950 oportere
482 2873 673 2950 quinquennii
688 2874 819 2932 consulta
833 2884 862 2933 et
872 2875 990 2934 decreta
1000 2877 1100 2938 omnia

167 2966 310 3035 rescindi3
333 2984 399 3023 nam
414 2983 465 3041 per
479 2983 514 3022 ea
524 2975 654 3042 tempora
667 2967 832 3024 consectum
849 2968 931 3025 annis
942 2967 1098 3045 Micipsam

167 3073 268 3133 parum
291 3056 388 3114 animo
410 3057 541 3114 valuisse.
592 3055 672 3115 Tum
697 3057 774 3116 idem
803 3057 953 3134 Hiempsal
980 3058 1098 3134 placere

167 3145 223 3204 sibi
244 3147 409 3222 respondit;
440 3166 508 3205 nam
534 3147 628 3223 ipsum
652 3147 732 3206 illum
760 3148 806 3204 his
831 3147 924 3204 tribus
949 3144 1099 3218 proxumis

167 3237 252 3294 annis
273 3237 505 3313 adoptationem
525 3255 647 3313 regnum
661 3237 832 3311 pervenisse.
873 3233 965 3295 Quod
979 3233 1097 3292 verbum

166 3325 198 3385 in
225 3337 328 3402 pectus
349 3326 501 3405 Iugurthae
525 3327 620 3396 altius,
642 3345 728 3398 quarn
749 3325 900 3399 quisquam
926 3331 1005 3378 ratus
1024 3332 1097 3398 erat,

163 3414 326 3477 descendit.
367 3418 481 3494 Itaque,
503 3433 540 3472 ex
560 3433 596 3472 eo
618 3425 755 3488 tempore,
777 3414 820 3470 ira
843 3421 872 3470 et
895 3421 973 3470 metu
995 3413 1098 3475 anxins

131 3556 133 3560 .
162 3505 269 3579 moliri,
284 3526 386 3584 parare
402 3517 487 3582 atque
505 3523 541 3563 ea
558 3505 646 3562 modo
660 3520 727 3580 cnm
745 3501 842 3559 animo
861 3501 977 3576 habere,
992 3505 1097 3580 quibu·

163 3591 319 3678 Hiempsal
332 3615 384 3675 per
398 3597 495 3657 dolum
509 3605 669 3674 caperetur.
708 3593 787 3662 Quo
803 3593 854 3654 ubi
874 3595 984 3660 tardius
995 3609 1097 3672 proce
