2656 4276
211 357 255 420 2⁰
279 405 282 410 .
502 372 665 417 stnnusurr
689 373 848 416 curmusi.

211 515 348 592 quoniam
362 514 481 572 factioni
496 515 681 574 inimicorum
700 515 834 573 resistere
854 511 1026 587 nequiverit,
1047 512 1139 574 fortu-

211 623 256 665 nrc
271 606 384 677 cedere,
400 606 560 664 Massiliam
572 606 603 663 in
617 605 736 664 erilium
749 603 912 680 proficisci3
934 621 994 661 non
1007 621 1065 680 qno
1080 604 1139 664 sibi

211 697 284 756 tanti
298 697 415 754 sceleris
428 697 562 758 conscius
576 707 651 756 esset
659 715 667 766 ;
688 695 738 754 ssd
753 695 794 753 uti
808 694 971 770 respublica
985 695 1083 770 quieta
1097 695 1138 756 fo·

211 797 266 858 ret,
280 805 351 846 neve
370 807 405 846 er
427 807 479 846 sua
499 787 685 846 contentione
706 786 810 844 seditio
830 786 980 844 oriretur.’'
1022 787 1071 843 Ab
1092 786 1137 845 bis

211 878 299 955 longe
326 880 454 938 divorsas
475 879 584 938 litteras
604 877 645 940 Q.
668 878 791 934 Catulus
815 877 845 934 in
866 886 969 934 senatu
993 875 1135 948 recitavit,

211 971 349 1047 quaesibi
365 971 481 1028 nomine
502 969 636 1027 Catilinae
658 968 784 1026 redditas
807 966 942 1024 dicebat:
963 984 1063 1025 earnm
1088 985 1136 1025 ex·

212 1062 338 1137 emplum
353 1060 578 1132 infrascriptum
592 1067 642 1114 est.

250 1150 380 1208 XXXV.
416 1155 434 1182 “
444 1149 477 1205 L.
493 1147 620 1204 Catilina
632 1147 672 1209 Q.
688 1147 803 1205 Catulo.
845 1147 972 1224 Egregia
991 1157 1042 1205 tua
1054 1147 1136 1220 fides,

211 1257 243 1316 re
257 1240 383 1315 eognita,
398 1248 479 1315 grata
498 1237 569 1294 mihi
590 1238 703 1313 magnis
717 1239 747 1297 iu
764 1238 836 1296 meis
849 1238 986 1312 perieulis
999 1238 1135 1297 tiduoism

211 1330 455 1389 commendationi
477 1347 548 1388 mese
568 1329 676 1386 tribuit.
717 1329 918 1391 Quamobrem
939 1329 1135 1388 defensionem

211 1421 242 1480 in
265 1440 341 1480 novo
363 1421 486 1479 oonsilio
510 1439 568 1477 non
593 1420 679 1477 statui
702 1437 821 1496 parnre;
851 1420 1077 1478 satislaetionem
1100 1439 1136 1479 er

211 1513 291 1572 nulla
310 1513 490 1572 conscientia
508 1511 544 1570 de
563 1514 648 1585 culpa
666 1529 826 1587 proponere
839 1511 965 1582 decrevi,
980 1529 1075 1587 quam,
1090 1529 1136 1570 me

211 1603 278 1660 dius
301 1604 395 1676 lidius,
418 1623 513 1661 verum
535 1603 604 1660 licet
628 1619 796 1678 cognoscas.
848 1601 965 1677 injuriis
989 1611 1136 1660 contume-

209 1692 314 1766 liisque
329 1693 502 1762 concitatus,
516 1693 603 1766 quod,
619 1691 714 1749 sruotu
729 1691 834 1750 laboris
846 1691 1051 1769 industrieque
1064 1709 1135 1751 mete

211 1783 347 1860 privatus,
378 1793 483 1842 statum
515 1783 663 1859 dignitatis
692 1800 752 1840 nou
783 1781 960 1853 obtinebam,
990 1782 1136 1859 publicam

211 1875 380 1934 miserorum
397 1893 528 1933 caussam
542 1893 594 1950 pro
609 1893 674 1931 mea
694 1871 905 1932 consuetudine
919 1875 1053 1950 suscepi:
1077 1892 1136 1934 non

210 1966 280 2040 quin
298 1986 337 2024 res
359 1966 485 2023 alienum
504 1965 576 2021 meis
595 1965 761 2021 nominibus
781 1981 816 2021 ex
833 1964 1065 2038 possessionibus
1082 1965 1136 2023 sol·

211 2073 277 2112 vere
290 2074 413 2129 possem,
423 2074 510 2129 quum
527 2055 627 2112 alienis
638 2054 803 2112 nominibus
817 2053 973 2113 liberalitas
981 2055 1135 2130 Orestillae,

210 2143 271 2200 suis
292 2144 414 2220 filiasque
435 2146 536 2222 copiis,
557 2146 751 2220 persolveret:
783 2143 834 2202 sed
854 2145 931 2220 quod
952 2164 1011 2202 non
1032 2145 1137 2221 dignos

211 2233 343 2290 homiues
384 2236 493 2292 honore
534 2236 700 2292 honestatos
740 2235 891 2307 videbam,
920 2253 1022 2308 meque
1064 2234 1137 2294 falsa

210 2323 375 2398 suspicione
390 2323 543 2382 alienatum
562 2343 625 2382 esse
643 2325 810 2384 sentiebam.
852 2325 920 2383 Hoc
936 2323 1052 2381 nomine
1066 2325 1137 2384 satis

210 2414 355 2484 honestas,
379 2433 431 2489 pro
454 2433 520 2472 meo
542 2434 621 2486 osso,
643 2435 707 2490 spes
730 2417 845 2491 relique
859 2415 1008 2492 dignitatis
1021 2432 1136 2473 oonssr·

210 2505 309 2562 vandae
338 2523 402 2562 sum
441 2517 566 2564 secutus.
621 2506 827 2581 Pluraquum
861 2507 988 2563 scribere
1022 2506 1134 2578 vellem,

209 2597 378 2655 nunciatum
413 2608 465 2669 est,
499 2597 555 2655 vim
590 2596 661 2654 mihi
694 2597 796 2672 pararit
846 2595 936 2653 Nune
969 2595 1135 2656 Orestillam

209 2689 392 2759 commendo,
407 2699 520 2762 tumque
538 2689 604 2746 fidei
619 2687 718 2744 trudo:
739 2706 803 2746 eam
819 2686 855 2744 ab
869 2686 974 2762 injuria
987 2687 1134 2759 defendas,

208 2795 259 2849 per
273 2779 379 2833 liberos
393 2787 459 2833 tuos
472 2787 597 2850 rogatus.
639 2777 781 2834 Haveto.''

226 2861 394 2950 XXXVI.
429 2864 489 2918 Sed
515 2865 586 2937 ipse,
614 2881 724 2937 psuoos
755 2865 817 2922 dies
843 2874 1038 2922 commoratur
1059 2867 1136 2942 apud

209 2952 244 3010 C.
260 2950 435 3008 Flaminium
458 2951 487 3008 in
503 2971 572 3028 agro
586 2952 733 3024 Arretino,
748 2952 817 3010 dum
838 2948 1027 3024 vicinitatem,
1051 2965 1136 3016 antea

208 3041 402 3112 sollicitatam,
431 3041 517 3098 armis
550 3050 680 3114 exornat,
709 3059 777 3100 cum
801 3039 928 3099 fascibus
957 3051 1042 3117 atque
1071 3045 1135 3104 aliis

209 3133 322 3212 imperii
350 3132 513 3210 insignibus
542 3133 572 3191 in
595 3142 698 3190 castra
726 3132 762 3191 ad
796 3131 940 3191 Manlium
974 3135 1133 3194 contendit.

209 3224 284 3284 Haeo
301 3225 351 3286 ubi
373 3225 477 3284 Romu
496 3234 644 3300 comperta
661 3235 746 3294 sunt;
767 3234 884 3284 senatus
904 3229 923 3258 ‘⁴
935 3223 1092 3285 Catilinam
1105 3236 1134 3284 et

209 3313 352 3375 ldanlium
366 3316 457 3376 hostis
468 3317 598 3395 judicat;
620 3327 724 3375 cetere
738 3315 916 3376 multitudini
933 3316 1010 3375 diem
1024 3317 1132 3388 statuit,

210 3415 276 3463 ante
299 3425 385 3481 quam
408 3410 471 3467 sine
493 3409 592 3468 fraude
610 3409 711 3468 liceret
732 3408 768 3468 ab
786 3407 873 3468 armis
892 3408 1051 3480 diseedere,
1065 3426 1134 3485 pre·

208 3501 253 3550 ter
266 3510 361 3550 rerum
383 3500 549 3571 capitelium
567 3499 795 3558 eondsmnstis.’¹
837 3497 980 3556 Praeterea
994 3495 1132 3570 decernit,

209 3588 230 3620 “
241 3581 284 3642 uti
297 3583 432 3643 consules
444 3587 589 3646 delectum
601 3590 742 3659 habennt;
764 3585 910 3647 Antonius
923 3607 991 3648 eum
1004 3587 1134 3648 exercitu
