2656 4276
464 353 630 397 smnnsrrr
652 355 814 398 exuratur.
904 342 912 355 “
1061 337 1105 402 35

169 497 264 576 copia,
289 515 375 573 quam
407 495 473 554 illis.
515 495 576 552 Sed
604 496 660 555 alia
687 496 777 569 lucre,
801 515 865 572 quae
889 497 955 556 illos
982 515 1104 576 magnoa

169 591 276 662 secere,
287 609 350 665 quae
364 587 450 646 nobis
460 587 540 646 nulla
550 598 636 657 sunt;
652 588 731 644 domi
746 587 896 660 industria,
911 589 981 647 ioris
992 589 1112 666 justum.

169 681 330 758 imperium,
355 679 469 738 animus
492 679 523 736 in
547 679 728 737 consulendo
752 678 834 750 liber,
862 698 957 756 neque
972 680 1101 754 delicto,

167 789 260 848 neque
273 771 399 829 lubidini
413 770 562 828 obnoxius.
605 769 662 828 Prc
674 771 718 827 bis
732 789 786 828 nos
801 771 941 829 habemus
954 771 1100 830 luxuriam

170 873 256 938 atque
268 863 416 920 avaritiam
426 882 433 931 ;
453 861 568 936 publice
579 872 748 938 egestatem,
760 862 893 936 privatim
905 862 1083 936 opulentiam
1090 883 1099 934 3

169 953 320 1014 laudamus
332 953 455 1024 divitias,
470 953 615 1028 sequimur
629 953 763 1011 inertiam
775 973 781 1022 ;
804 953 879 1010 inter
894 954 985 1012 bonos
999 964 1028 1010 et
1042 972 1101 1012 ma·

168 1044 214 1104 los
227 1045 381 1102 discrimen
392 1043 501 1102 nullum
512 1064 521 1114 ;
541 1045 639 1104 omnia
649 1044 763 1102 virtutis
776 1045 895 1120 praemia
906 1044 1025 1102 ambitio
1034 1062 1102 1120 pos·

169 1136 251 1195 sidet
292 1135 398 1210 Neque
425 1136 548 1206 mirum;
580 1135 630 1193 ubi
653 1156 703 1194 vos
724 1137 878 1211 separatim
900 1136 956 1193 sibi
977 1136 1100 1212 quisque

168 1227 319 1286 consilium
334 1227 446 1302 capitis,
457 1227 509 1284 ubi
518 1227 598 1284 domi
611 1227 816 1302 voluptatibus,
828 1227 877 1285 hic
890 1227 1034 1302 pecunie,
1050 1235 1100 1285 aut

167 1318 266 1394 gratie:
279 1319 392 1376 servitis
405 1338 411 1374 :
433 1336 469 1374 eo
482 1317 524 1388 fit,
536 1327 569 1373 ut
582 1317 705 1390 impetus
718 1316 768 1374 fiat
785 1317 816 1374 in
825 1336 947 1374 vacuam
966 1317 1100 1392 rempub·

166 1407 262 1467 licam.
305 1409 365 1466 Sed
389 1426 445 1482 ego
465 1407 530 1462 haec
555 1406 666 1462 omitto.
708 1406 903 1480 Conjuravere
917 1406 1100 1466 nobilissumi

166 1498 378 1572 civespntriam
393 1495 565 1552 incendere:
586 1494 735 1550 Gallorum
747 1504 862 1569 gentem
877 1496 1102 1554 infestissumam

165 1587 281 1648 nomini
308 1586 447 1644 Romano
475 1585 512 1642 ad
541 1584 650 1641 bellum
683 1595 851 1642 arcessunt:
882 1585 942 1641 dux
975 1585 1103 1644 hostiurn

166 1697 254 1756 supra
268 1687 356 1754 caput
377 1686 441 1734 est:
463 1693 514 1732 vos
529 1675 708 1733 cunctamini
722 1675 809 1734 etiarn
830 1694 920 1748 nunc,
935 1676 1004 1751 quid
1025 1677 1103 1740 intra

167 1769 276 1828 rutenia
290 1767 476 1844 adprehensis
490 1766 621 1824 hostibus
636 1766 772 1824 saciatisl
814 1766 1014 1826 Misereamini
1034 1787 1102 1828 cen·

166 1877 219 1919 sec
230 1880 238 1930 ;
263 1859 411 1934 deliquere
431 1857 565 1915 homines
586 1856 806 1928 adulescentuli,
820 1876 872 1932 per
894 1859 1101 1930 ambitionem

168 1961 253 2025 atquc
271 1950 357 2009 etiarn
380 1959 504 2008 armatos
525 1948 684 2006 dimittatis.
726 1947 785 2019 Ne,
800 1949 856 2006 ista
869 1949 952 2008 vobis
965 1967 1100 2008 mansue·

166 2042 238 2100 tudo
259 2052 289 2100 et
311 2041 521 2111 misericordia,
541 2040 567 2097 si
587 2039 628 2096 illi
648 2058 726 2098 arma
748 2039 887 2116 ceperint,
902 2040 933 2098 in
953 2041 1099 2102 miseriam

165 2141 269 2204 vertet.
312 2130 434 2188 Scilicet
447 2149 493 2188 res
506 2130 569 2206 ipsa
589 2149 689 2206 aspera
703 2140 763 2201 est3
785 2132 837 2189 sed
853 2151 904 2190 vos
918 2150 977 2190 non
991 2133 1099 2194 timetis

166 2239 240 2282 aaut.
295 2221 390 2279 Immo
417 2241 484 2280 vero
511 2240 661 2291 maxume;
692 2223 743 2280 sed
777 2223 881 2281 inertia
913 2235 943 2282 et
976 2225 1099 2284 mollitia

168 2313 268 2386 animi,
284 2313 357 2370 alius
378 2313 465 2371 alium
488 2323 688 2388 exspectantes
706 2315 895 2386 cunctamini,
914 2315 960 2373 dis
982 2315 1098 2374 immor·

167 2404 273 2463 talibus
291 2403 404 2476 conlisi,
418 2403 468 2479 qui
488 2404 564 2462 hanc
584 2405 791 2480 rempublicam
813 2406 843 2464 in
864 2407 1006 2464 maxumis
1019 2424 1097 2482 sepe

166 2496 304 2572 periculis
324 2513 480 2554 servavere.
521 2495 591 2552 Non
612 2496 696 2566 votis,
711 2514 806 2570 neque
826 2496 976 2571 suppliciis
996 2497 1098 2555 mulio·

167 2585 267 2645 bribus
283 2586 390 2645 auxilia
402 2586 520 2644 deorum
535 2596 691 2660 parantur:
712 2585 869 2660 vigilando,
885 2585 1007 2660 agendo,
1020 2587 1097 2643 bene

169 2678 346 2735 consulendo
372 2695 509 2754 prospera
535 2676 634 2733 omnia
664 2674 790 2730 cedunt:
821 2673 871 2728 ubi
902 2674 1042 2730 socordiae
1067 2683 1098 2734 ta

170 2777 255 2842 atque
286 2768 405 2844 ignavie
436 2765 599 2837 tradideris,
628 2755 821 2839 nequicquam
847 2763 918 2820 deos
945 2763 1096 2839 implores3

168 2857 235 2916 irati
251 2858 404 2934 infestique
417 2868 492 2916 sunt
535 2857 623 2932 Apud
637 2854 760 2932 majorca
774 2863 900 2927 nostros,
914 2854 952 2913 A.
967 2853 1097 2916 Manlius

167 2947 335 3025 Torquatus
363 2949 440 3007 bello
465 2949 580 3008 Gallico
603 2947 694 3005 filium
718 2965 814 3019 suum,
837 2947 913 3022 quod
941 2947 966 3006 is
993 2959 1097 3009 contra

167 3038 320 3116 imperium
334 3041 364 3098 in
379 3040 490 3098 hostem
503 3049 690 3116 pugnaverat,
704 3038 804 3096 necari
822 3038 926 3113 jussit3
948 3049 1033 3114 atque
1046 3039 1097 3096 ille

167 3131 302 3208 egregius
314 3130 483 3189 adulescens
494 3130 689 3188 immoderate
702 3129 879 3188 fortitudinis
889 3138 983 3186 morte
995 3144 1097 3200 prunas

166 3220 265 3279 dedit:
296 3240 347 3280 vos
374 3222 411 3280 de
438 3221 652 3280 crudelissumis
680 3219 833 3295 parricidis
857 3217 927 3291 quid
953 3214 1096 3285 statuatis,

165 3312 367 3370 cunctaminil
407 3312 555 3370 Videlicet
577 3311 637 3367 vita
658 3320 756 3368 cetera
778 3325 880 3366 eorum
901 3305 971 3362 huic
992 3305 1097 3366 sceleri

163 3403 267 3463 obstat„
297 3403 408 3462 Verum
418 3402 530 3479 parcite
540 3399 675 3476 dignitati
689 3398 816 3468 Lentuli,
826 3397 849 3453 si
865 3395 926 3470 ipse
936 3395 1096 3472 pudicitie,

164 3494 188 3553 ai
202 3494 287 3554 famae
302 3513 373 3565 aare,
387 3493 413 3552 si
425 3495 471 3552 dis
486 3503 534 3552 aut
545 3489 709 3550 bominibus
719 3505 855 3565 umquam
867 3487 933 3546 ullis
945 3488 1095 3566 pepercit:

163 3584 311 3666 ignoscite
331 3586 458 3664 Cethegi
481 3582 696 3656 adulescentie,
715 3580 772 3640 nisi
793 3580 897 3640 iterum
917 3581 1017 3660 patrie
1037 3579 1098 3640 bel·
