2656 4276
230 361 274 426 22
524 376 690 420 smnusrn
713 376 874 420 ciricius.

230 519 371 580 libertatis
400 519 584 576 imminutum
612 528 684 590 erat,
705 517 784 576 haud
803 535 874 576 sane
895 516 952 575 alic
973 518 1073 580 animo
1092 521 1163 586 balb

229 621 365 672 uentum
391 611 603 685 exspectabant
655 609 703 666 Ad
741 609 807 680 boc,
835 609 1012 684 quicumque
1039 613 1161 674 aliarum

231 711 317 776 atquc
343 701 436 760 senati
468 702 593 776 partium
625 711 717 772 erant,
745 699 912 758 conturbari
939 703 1159 781 rempublicam,

229 809 316 867 quam
343 793 439 854 miuus
465 791 561 850 valere
588 792 653 869 lpsI,
681 793 834 850 malebant
889 789 922 848 Id
951 790 1024 850 adeo
1051 795 1160 856 malum

229 884 335 947 multos
355 895 419 958 post
440 901 532 942 annos
552 884 582 941 in
603 884 750 942 civitatem
770 891 935 940 reverterat.

268 974 445 1034 XXXVIII.
467 974 496 1032 N
500 993 554 1044 am,
566 986 726 1048 postquam,
738 972 793 1029 Cn.
806 971 945 1047 Pompeio
955 983 984 1030 et
997 973 1039 1032 M.
1051 975 1158 1034 Crasso

229 1065 414 1135 Consulibus,
439 1063 595 1121 tribunicia
624 1073 750 1138 potestas
773 1063 906 1121 restituta
932 1075 991 1134 est;
1026 1064 1158 1126 homines

228 1155 438 1224 adulescentes,
464 1152 618 1230 [summam
638 1163 809 1227 potestatem
830 1154 934 1233 nacti]
960 1155 1065 1229 quibus
1087 1167 1157 1216 etas

228 1244 398 1320 animusque
432 1244 513 1302 ferox
545 1254 617 1314 erat,
645 1261 769 1319 coepere,
800 1254 934 1302 senatum
965 1245 1155 1318 criminando,

226 1335 341 1412 plebem
366 1336 530 1411 exagitare;
563 1335 641 1406 dein,
664 1334 818 1410 largiundo
845 1346 930 1410 atque
956 1336 1155 1411 pollicitando,

227 1427 319 1504 magis
335 1427 507 1496 incendere;
530 1425 570 1482 ita
584 1425 638 1500 ipsi
653 1425 724 1482 clari
738 1435 927 1500 potenterque
941 1425 1012 1484 lieri.
1046 1427 1158 1488 Contra

227 1535 278 1576 eos
304 1537 417 1578 summa
443 1535 499 1593 ope
521 1517 666 1574 nitebatur
696 1517 833 1592 pleraque
866 1517 1012 1590 nobilitas,
1039 1529 1155 1577 senatus

226 1609 335 1683 specie,
349 1627 401 1683 pro
415 1627 469 1665 sua
481 1608 688 1684 magnitudine.
729 1606 874 1680 Namque,
886 1609 927 1664 uti
941 1608 1043 1683 paucis
1057 1628 1154 1668 rernm

227 1697 384 1768 absolvam,
413 1708 478 1772 post
505 1698 555 1754 illa
582 1709 712 1772 tempora
738 1697 914 1772 quicumque
947 1698 1155 1774 rempublicam

227 1787 381 1865 agitavere,
408 1777 548 1845 honestis
564 1788 741 1862 nominibus,
771 1788 828 1859 alii,
852 1788 939 1846 sicuti
966 1790 1065 1864 populi
1089 1790 1154 1866 jura

225 1878 422 1950 defenderent,
438 1899 513 1954 pars,
528 1898 585 1954 quo
600 1890 716 1938 senatus
735 1878 891 1936 auctoritas
912 1899 1047 1940 maxuma
1068 1881 1152 1955 foret,

225 1969 334 2028 bonum
357 1971 507 2045 publicum
531 1970 708 2041 simulantes,
729 1987 782 2043 pro
806 1988 859 2028 sua
881 1971 1002 2046 quisque
1025 1971 1154 2048 potentia

225 2061 394 2126 certabant:
416 2078 510 2134 neque
532 2060 588 2117 illis
608 2060 759 2130 modestia,
774 2077 868 2134 neque
889 2062 992 2119 modus
1013 2061 1153 2120 contenti·

224 2149 289 2210 onis
303 2161 383 2208 erat:
405 2151 519 2224 utrique
533 2151 682 2210 victoriam
696 2151 851 2209 crudeliter
865 2154 1046 2210 exercebant.

262 2239 411 2298 XXXIX.
448 2242 516 2312 Sed,
538 2252 691 2316 postquam
720 2243 775 2300 Cu.
804 2243 958 2317 Pompeius
984 2241 1020 2297 ad
1044 2241 1153 2300 bellum

223 2329 408 2390 maritumum
423 2341 507 2404 atque
525 2330 757 2390 Mithridaticum
777 2333 881 2390 missus
894 2343 955 2402 est;
975 2316 1068 2406 plebis
1081 2349 1153 2407 opes

223 2422 398 2492 imminutae3
427 2441 586 2497 paucorum
607 2423 736 2498 potentia
756 2424 854 2482 crevit
896 2424 937 2482 Hi
958 2422 1151 2499 magistratus,

221 2513 395 2590 provincias,
411 2513 523 2589 aliaque
537 2514 635 2571 omnia
656 2525 773 2572 tenere:
794 2515 848 2589 ipsi
870 2515 990 2582 innoxii,
1006 2513 1151 2586 florentes,

221 2603 285 2664 sine
316 2616 394 2666 metu
418 2616 531 2665 aetatem
559 2624 654 2682 agere,
681 2615 851 2679 ceterosque
879 2605 997 2681 judiciis
1032 2615 1149 2676 terrere,

220 2715 279 2772 quo
291 2698 405 2771 plebem
419 2698 449 2754 in
463 2698 631 2773 magistratu
652 2696 795 2770 placidius
808 2705 974 2754 tractarent.
1016 2695 1085 2766 Sed,
1100 2694 1149 2752 ubi

220 2787 345 2860 primum
372 2786 467 2842 dubiis
494 2786 581 2842 rebus
607 2785 747 2842 novandis
774 2803 837 2858 spes
864 2786 961 2842 oblata
988 2795 1040 2856 est,
1069 2795 1149 2844 vetus

221 2882 367 2932 certamen
383 2873 493 2928 animos
510 2891 609 2930 eorum
630 2873 741 2929 arrexit.
782 2871 874 2934 Quod
896 2873 920 2928 si
941 2874 1034 2946 primo
1049 2875 1148 2949 praelio

219 2960 349 3020 Catilina
372 2961 512 3035 superior,
534 2970 584 3018 aut
606 2979 686 3034 aequa
707 2978 793 3016 manu
813 2959 1002 3030 discessisset,
1017 2965 1148 3035 prolecto

219 3071 325 3130 magna
338 3052 437 3109 clades
452 3062 536 3125 atque
556 3049 704 3108 calamitas
723 3049 930 3124 rempublicam
949 3054 1146 3126 oppressisset,

217 3163 313 3220 neque
340 3144 406 3216 illis,
430 3142 480 3219 qui
506 3141 658 3200 victoriam
680 3140 775 3215 adepti
798 3140 891 3198 forent
913 3141 1023 3200 diutius
1045 3164 1080 3201 ea
1105 3145 1146 3204 uti

218 3236 358 3308 licuisset,
374 3235 443 3312 quin
467 3233 588 3294 defessis
609 3243 638 3289 et
662 3231 866 3310 exsanguibus,
882 3233 932 3308 qui
953 3234 1018 3308 plus
1038 3245 1144 3311 posset,

218 3325 371 3402 imperium
395 3339 480 3404 atque
503 3325 666 3384 libertatem
692 3335 882 3400 extorqueret.
924 3325 1019 3382 Fuere
1050 3337 1145 3383 tamen

218 3427 299 3474 extra
320 3420 550 3494 conjurationem
572 3416 746 3492 complures,
760 3417 809 3492 qui
829 3417 865 3476 ad
885 3417 1042 3478 Catilinam
1062 3415 1144 3474 initio

112 3522 113 3527 ¹
217 3505 339 3581 profecti
354 3520 439 3567 sunt:
462 3511 491 3567 in
513 3509 558 3566 his
578 3509 615 3566 A.
631 3507 760 3576 Fulvius,
776 3507 917 3564 senatoris
934 3507 1027 3576 lilius;
1048 3523 1143 3581 quem,

217 3602 374 3664 retractum
395 3615 431 3654 ex
450 3599 562 3664 itinere,
576 3615 681 3686 parens
704 3596 803 3656 necari
824 3597 917 3685 jussit.
958 3597 1055 3665 Isdem
1074 3607 1143 3660 tem-
