2656 4276
473 339 638 383 succussu
659 337 840 384 acaunum.
1076 319 1119 386 63

187 497 287 556 neque
297 479 381 540 simul
391 480 548 540 amicitiam
555 491 690 554 vestram,
702 492 731 540 et
740 499 861 560 reguum
874 495 973 538 meum
986 495 1117 555 speraret

189 579 288 629 utrum
311 571 426 648 gravius
449 571 612 644 existumet,
637 573 747 630 nemini
769 572 916 629 occultum
937 580 988 628 est
1039 569 1119 630 Nam

189 657 275 718 initio
288 661 399 719 occidit
412 661 620 737 Hiempsalem,
636 663 754 723 fratrem
768 680 883 732 meum3
905 661 1012 718 deiude
1023 660 1118 737 patrio

189 767 281 826 regno
302 769 350 808 me
373 753 621 827 expulitz-quae
645 771 715 811 sans
739 754 845 812 fuerim
868 763 973 810 nostr·
994 751 1117 828 injuria,

190 839 266 897 nihil
281 839 317 896 ad
330 858 389 899 ros.
429 841 536 900 Varum
551 863 631 901 nunc
644 855 770 902 vestrum
785 862 906 920 regnum
922 842 1008 900 armis
1017 852 1117 902 tenett

191 947 250 1001 me,
265 948 351 1004 quem
364 950 414 988 vos
436 931 644 1007 imperatorem
661 935 799 991 Numidis
820 933 966 1009 posuistis,
988 933 1119 991 clausum

191 1020 325 1091 obsidet;
352 1021 511 1098 legatorum
535 1028 623 1082 verba
644 1025 744 1099 quanti
770 1025 881 1095 fecerit,
903 1023 1034 1100 pericula
1053 1039 1120 1082 mea

191 1109 345 1169 declarant.
386 1112 468 1174 Quid
489 1115 642 1188 reliquum,
663 1116 718 1173 nisi
740 1115 783 1172 vis
803 1126 906 1187 vestra,
930 1133 988 1190 quo
1008 1113 1118 1172 moveri

191 1201 301 1276 possiti
341 1202 370 1259 N
374 1221 419 1260 am
432 1222 488 1279 ego
501 1205 617 1278 quidem
631 1205 744 1276 vellem,
758 1215 787 1262 et
807 1206 869 1264 haec
883 1225 946 1280 qum
960 1205 1067 1276 scribo,
1088 1212 1119 1262 et

193 1288 241 1346 illa
254 1311 317 1365 quae
334 1302 419 1348 antea
432 1293 462 1349 in
476 1303 578 1349 senatu
592 1305 710 1366 questus
723 1313 797 1365 sum,
810 1314 884 1352 vana
897 1296 991 1352 forent
1008 1295 1118 1370 potius,

191 1397 279 1454 quam
301 1380 420 1440 miseria
432 1399 498 1438 msa
510 1381 597 1437 fidem
616 1383 711 1436 verbis
731 1383 846 1438 faceret.
888 1385 957 1452 Sed,
981 1385 1120 1456 quoniam

190 1486 229 1527 eo
251 1477 339 1524 natus
362 1485 437 1538 sum,
465 1477 498 1523 ut
524 1467 675 1543 Jugurthae
701 1470 844 1525 scelerum
871 1471 996 1527 ostentui
1016 1488 1120 1544 essem,
1200 1509 1210 1524 .

190 1575 253 1616 non
277 1557 338 1633 jam
352 1567 473 1616 mortem
497 1575 592 1632 nequa
615 1577 766 1629 aerumnas,
789 1560 988 1616 tantummodo
1008 1559 1121 1618 inimici

192 1646 346 1724 imperium
360 1657 389 1705 et
402 1648 548 1705 cruciatus
563 1649 693 1723 corporis
706 1649 854 1725 deprecor.
896 1650 1003 1728 Regno
1016 1649 1047 1706 N
1049 1650 1121 1707 umi-

192 1737 257 1810 dia,
273 1739 349 1814 quod
364 1748 488 1797 restrum
502 1749 555 1810 est,
571 1739 613 1796 uti
626 1739 716 1811 lubet,
738 1739 898 1798 consulite:
920 1759 966 1798 me
986 1740 1121 1800 manibus

192 1827 288 1906 impiis
315 1830 427 1906 eripite,
454 1847 505 1905 per
532 1830 711 1906 majestatem
745 1830 870 1906 imperii,
897 1850 949 1906 per
984 1829 1120 1890 amicitia

192 1917 299 1990 fidem;
333 1921 358 1977 si
386 1921 444 1980 ulla
471 1921 546 1996 apud
572 1939 623 1978 vos
649 1922 789 1980 memoria
822 1931 952 1980 remanet
979 1921 1024 1980 ari
1051 1919 1118 1995 mei,

191 2007 383 2068 Masinissae.'’

230 2099 332 2158 XXV.
360 2099 416 2157 His
436 2099 538 2158 litteris
558 2102 696 2175 recitatis,
722 2103 811 2176 fuere,
834 2103 883 2180 qui
907 2103 1067 2163 exercitum
1087 2101 1117 2162 in

190 2189 323 2248 Africam
338 2190 508 2249 mittendum
524 2205 684 2265 censerent,
706 2205 735 2251 et
755 2213 840 2269 quam
860 2195 983 2270 primum
1005 2193 1118 2252 Adher·

191 2279 249 2338 bali
262 2280 493 2338 subveniundum
505 2303 513 2351 ;
528 2281 564 2340 tle
575 2281 594 2339 J
596 2285 718 2360 ugurtha
727 2285 843 2342 interim
855 2286 896 2343 uti
906 2285 1116 2358 consuleretur,

191 2370 328 2445 quoniam
341 2370 443 2446 legatis
456 2389 515 2428 non
529 2374 679 2446 paruisset.
720 2375 780 2432 Sed
795 2375 832 2432 ab
851 2375 942 2433 isdem
963 2376 1020 2432 illis
1040 2373 1119 2450 regis

191 2459 353 2519 fautoribus
374 2479 487 2517 summa
505 2479 559 2536 ope
580 2464 703 2534 enisum,
725 2482 763 2520 ne
780 2463 839 2520 tale
856 2465 1006 2523 decretum
1026 2463 1116 2522 fieret

191 2549 237 2610 Ita
249 2553 357 2610 bonum
371 2553 530 2627 publicum,
546 2563 578 2608 ut
592 2554 622 2609 in
635 2554 780 2627 plerisque
793 2555 919 2629 negotiis
932 2555 1015 2621 solet,
1027 2552 1119 2626 priva·

191 2650 222 2700 ta
232 2643 324 2720 gratia
339 2643 492 2700 devictum.
535 2642 682 2717 Lagantur
696 2643 836 2699 tamenin
849 2643 981 2700 Africam
996 2641 1119 2716 majores

190 2743 269 2804 natu,
284 2733 406 2804 nobiles,
422 2732 524 2807 amplis
538 2732 696 2789 honoribus
704 2753 712 2802 ;
735 2733 765 2789 in
779 2732 843 2807 quis
854 2732 908 2791 tuit
921 2731 962 2790 M.
978 2733 1117 2808 Scaurus,

191 2822 227 2880 de
240 2840 298 2896 quo
312 2841 398 2897 supra
411 2823 642 2893 memoravimus,
658 2823 828 2894 consularis,
843 2834 872 2881 et
887 2833 948 2880 tum
964 2824 994 2882 iu
1015 2833 1118 2886 senatu

189 2913 332 2989 princeps.
375 2913 426 2984 Hi,
455 2913 532 2986 quod
559 2932 605 2970 res
633 2913 663 2970 in
691 2913 800 2972 invidia
826 2925 887 2973 erat
913 2916 1008 2987 simul,
1030 2926 1060 2974 et
1081 2916 1117 2976 ab

188 3001 328 3060 Numidis
342 3003 494 3074 obsecrati,
516 3004 612 3060 triduo
633 3005 727 3061 navim
752 3006 926 3064 escenderet
948 3005 1016 3062 dein
1036 3005 1117 3064 brevi

188 3091 306 3151 Uticam
333 3093 444 3168 adpulsi
471 3093 581 3152 litteras
610 3094 645 3150 ad
673 3094 845 3172 Jugurtham
872 3095 999 3162 mittunt,
1030 3109 1117 3164 quam
1151 3118 1157 3127 ·

189 3183 334 3242 ocissume
350 3184 385 3240 ad
398 3185 575 3259 provinciam
588 3185 725 3252 accedat;
747 3203 835 3258 sequa
848 3183 882 3238 ad
892 3199 959 3239 eum
971 3179 1006 3235 ab
1015 3189 1116 3240 senatu

187 3273 300 3332 missos.
341 3273 395 3332 Ille
409 3275 459 3332 ubi
474 3273 597 3349 accepit,
612 3272 744 3328 homines
758 3273 861 3341 claros,
876 3287 999 3344 quorum
1018 3278 1117 3328 aucto·

187 3364 302 3424 ritatem
316 3364 422 3424 Romo
434 3366 544 3440 pollere
566 3360 722 3429 audiverat,
743 3372 846 3417 contra
866 3359 1013 3433 inceptum
1032 3377 1116 3422 suum

186 3455 318 3525 renisse;
340 3455 434 3531 primo
448 3463 620 3521 commotus,
635 3459 714 3506 metu
729 3459 813 3524 atque
833 3449 964 3506 lubidine
985 3449 1117 3513 divorsus

188 3545 361 3624 agitabatur.
396 3545 535 3608 Timebat
548 3544 622 3602 iram
630 3549 756 3614 senatus,
772 3537 816 3618 [ni
824 3540 966 3619 paruisset
976 3540 1079 3621 legatis
1090 3543 1114 3625 ε]
