2656 4276
469 308 635 351 smnusrrr
658 307 819 349 camma.
899 299 902 305 ·
1089 282 1113 354 9

180 452 242 512 Sed
255 454 388 509 maxume
403 450 633 508 adulescentium
646 449 855 507 familiaritates
869 447 1041 522 adpetebat:
1063 463 1111 504 eo·

181 561 247 601 rum
262 543 348 600 animi
361 542 464 599 molles
477 552 506 598 et
520 551 604 600 etate
619 541 699 612 fluxi,
715 540 789 597 dolis
802 539 880 596 haud
893 538 1048 595 difficulter
1061 555 1110 595 ca·

181 633 340 709 plebantur.
376 633 406 690 N
409 616 505 705 am,⁸ut
519 633 659 709 cujusque
673 632 800 690 studium
811 649 847 688 ex
860 639 944 688 etate
959 629 1108 706 flagrabat,

182 723 246 780 aliis
269 733 367 782 scorta
386 726 531 798 praebere3
555 723 618 780 aliis
640 741 728 780 canes
750 732 835 796 atque
856 739 945 796 equos
966 720 1107 792 mercari;

181 824 338 890 postremo,
352 833 446 888 neque
461 815 595 888 sumptui,
610 832 705 888 neque
727 813 876 872 modestiae
896 833 956 870 sura
976 829 1108 887 parcere,

184 905 254 962 dum
269 906 333 961 illos
347 905 485 962 obnoxios
498 905 627 979 fidosque
642 904 697 962 sibi
712 904 830 960 faceret.

222 995 289 1052 XV.
318 995 384 1052 Janr
397 997 520 1070 primum
536 997 707 1053 adulescens
722 995 851 1054 Catilina
873 994 966 1051 multa
985 992 1111 1054 nefanda

184 1094 281 1162 stupra
291 1086 416 1156 fecerat;
439 1106 506 1143 cum
519 1088 632 1164 virgine
652 1087 754 1157 nobili,
776 1105 843 1142 cum
864 1086 1017 1143 sacerdote
1038 1085 1111 1142 Ves-

183 1185 228 1248 tae,
244 1177 300 1233 alia
313 1177 513 1254 hujuscemodi
527 1189 629 1234 contra
651 1178 698 1253 jus
712 1177 821 1250 sasque.
863 1176 1025 1248 Postremo,
1042 1195 1111 1251 cap-

182 1275 228 1324 tus
243 1287 340 1324 amore
354 1269 487 1330 Aureliae
496 1268 650 1337 Orestillae,
666 1268 758 1342 cujus,
772 1277 876 1341 praeter
891 1268 1023 1338 sormam,
1037 1265 1110 1324 nihil

181 1375 320 1432 umquam
334 1359 429 1415 bonus
442 1359 587 1432 laudavit3
610 1358 686 1429 quod
701 1376 736 1413 ea
755 1358 866 1412 nubere
887 1357 929 1412 illi
950 1358 1110 1428 dubitabat,

182 1447 290 1506 timens
315 1448 481 1521 privignum
513 1447 612 1501 adulta
638 1455 740 1513 aetate3
773 1464 827 1518 pro
860 1456 941 1501 certo
975 1447 1112 1516 creditur,

184 1545 290 1594 necato
317 1535 387 1606 filio,
415 1553 537 1591 vacuam
564 1534 682 1590 domurn
710 1535 841 1591 scelestis
869 1535 978 1610 nuptiis
1001 1535 1112 1593 fecisse.

183 1625 262 1688 Quae
284 1626 401 1701 quidem
425 1645 471 1682 res
493 1625 565 1682 mihi
590 1626 620 1682 in
641 1626 742 1700 primis
764 1627 876 1683 videtur
901 1645 1003 1683 caussa
1025 1626 1114 1684 fuisse

185 1717 322 1775 facinoris
331 1717 502 1775 maturandi.
544 1717 574 1773 N
577 1735 679 1791 amque
692 1717 805 1774 animus
817 1718 955 1792 impurus,
968 1718 1012 1774 dis
1023 1717 1114 1776 homi·

185 1807 328 1881 nibusque
352 1808 482 1878 infestus,
498 1827 591 1882 neque
606 1808 722 1884 vigiliis,
742 1827 837 1883 neque
852 1808 998 1882 quietibus
1019 1807 1114 1866 sedari

184 1907 318 1974 poterat;
359 1899 401 1956 ita
435 1899 616 1957 conscientia
651 1909 778 1956 mentem
816 1899 941 1956 excitam
975 1899 1110 1957 vastabat.

185 1987 278 2064 igitur
305 1990 386 2046 colos
409 1991 573 2066 exsanguis,
599 1990 667 2046 soedi
692 1991 781 2062 oculi,
803 1991 879 2048 citus
903 1991 1000 2062 modo,
1025 1990 1113 2048 modo

185 2079 286 2136 tardus
312 2080 464 2154 incessus3
498 2099 615 2156 prorsus
643 2081 673 2139 in
705 2082 780 2139 lucie
814 2083 949 2159 voltuque
976 2081 1113 2140 vecordia

186 2169 286 2230 inerat.
500 2157 503 2164 ¹

225 2257 307 2314 XVI·
337 2263 396 2313 sed
407 2266 596 2335 juventutem,
608 2289 703 2342 quam,
715 2279 746 2324 ut
760 2290 844 2338 arrpra
856 2271 990 2336 diximus,
1006 2269 1113 2327 inlexe·

186 2358 240 2420 rat,
253 2348 351 2404 multis
365 2349 459 2405 modis
473 2349 549 2404 mala
563 2349 692 2408 facinora
705 2353 854 2409 edocebat.
897 2353 942 2408 Ex
954 2353 1010 2410 illis
1024 2367 1113 2416 testes

187 2438 402 2518 signatoresque
427 2439 512 2496 falsos
536 2442 856 2514 commodare31idem,
879 2443 1017 2514 fortunas,
1038 2443 1114 2519 peri-

188 2529 253 2586 cula
263 2530 331 2587 vilia
343 2530 465 2599 habere;
486 2541 561 2605 post,
576 2533 625 2588 ubi
640 2551 740 2589 eorum
755 2533 859 2589 sarnam
876 2543 959 2606 atque
972 2536 1114 2608 pudorem

189 2620 350 2690 adtriverat,
365 2621 473 2695 majora
487 2622 542 2679 alia
560 2623 738 2704 imperabat:
761 2623 784 2677 sl
800 2641 904 2677 caussa
917 2623 1061 2695 peccandi
1082 2623 1114 2680 in

188 2731 315 2790 praesens
337 2714 430 2771 minus
444 2719 630 2792 suppetebat3
651 2717 744 2774 nihilo
758 2717 854 2773 miuus
874 2717 1012 2789 insontes,
1027 2716 1115 2776 sicuti

188 2813 295 2876 sontes,
323 2805 541 2879 circumvenire,
566 2809 718 2886 jugulare:
747 2809 870 2877 scilicet,
891 2829 928 2867 na
948 2829 999 2886 per
1020 2809 1113 2867 otium

187 2903 383 2970 torpescerent
406 2915 509 2954 manus
533 2908 581 2955 aut
603 2901 725 2971 animus,
748 2902 874 2977 gratuito
897 2903 993 2976 potius
1018 2902 1113 2959 malus

189 2995 273 3060 atque
287 2987 412 3044 crudelis
426 2998 495 3044 erat.
538 2989 594 3045 His
614 2991 715 3048 amicis
729 2992 873 3070 sociisque
894 2993 1021 3047 conlisus
1035 2991 1115 3046 Cati·

188 3074 256 3148 lina,
271 3078 354 3135 simul
370 3078 446 3153 quod
458 3099 497 3135 aes
511 3079 636 3138 alienum
649 3100 699 3158 per
714 3083 808 3138 omnis
821 3092 912 3136 terras
926 3081 1029 3154 ingens
1043 3087 1114 3148 erat,

190 3176 219 3224 et
231 3169 307 3241 quod
319 3169 448 3245 plerique
464 3169 576 3226 Sullani
590 3172 706 3242 milites,
727 3171 836 3247 largius
856 3187 909 3225 suo
928 3170 984 3236 usi,
1004 3165 1116 3240 rapina·

190 3275 254 3313 rum
268 3268 296 3314 et
314 3259 443 3318 uictoriae
464 3261 568 3317 veteris
589 3279 741 3329 memores,
764 3259 849 3316 civile
870 3257 978 3311 bellum
1001 3266 1116 3332 exopta·

189 3347 257 3404 bant
265 3367 274 3418 ;
295 3351 493 3425 opprimundae
507 3349 673 3422 reipublicae
689 3348 843 3404 consilium
858 3345 942 3418 cepit.
983 3345 1018 3402 In
1033 3345 1118 3406 ltalia

187 3438 283 3496 nullus
294 3441 460 3497 exercitus:
478 3439 532 3496 Cn.
549 3438 704 3514 Pompeius
719 3437 748 3492 in
763 3435 898 3491 extremis
912 3435 995 3493 terris
1009 3435 1117 3495 bellum

187 3531 323 3611 gerebat:
353 3530 409 3609 ipsi
430 3529 612 3587 consulatum
631 3526 742 3606 petenti
762 3543 868 3604 magna
887 3545 970 3603 spes:
993 3529 1118 3590 Senatus
