2656 4276
457 371 623 416 snnnosrrr
644 369 824 414 munusue.
1063 349 1106 414 'lb

172 525 337 592 quantoque
365 513 395 570 vi
415 513 596 590 rogationem
616 513 746 588 ¹jusserit,
766 511 936 583 decreverit,
960 508 1104 584 uoluerit3

174 606 269 682 magis
289 606 357 663 odio
377 604 546 676 nobilitatis,
568 603 617 660 cui
645 603 721 660 mala
747 602 796 660 illa
814 604 998 678 parabantur,
1018 619 1105 678 quam

173 713 246 753 cura
265 693 450 772 reipublicae:
471 705 551 752 tanta
571 693 671 752 lubido
692 695 722 750 in
742 695 870 769 partibus
890 704 959 752 erat.
1000 693 1103 770 Igitur,

174 787 282 844 ceteris
295 796 374 844 metu
388 785 539 861 perculsis,
554 784 596 842 M.
609 786 747 855 Scaurus,
758 804 844 859 quern
857 785 984 862 legatum
998 785 1104 844 Bestiae

172 895 265 952 supra
279 877 440 948 docuimus,
455 875 529 932 iuter
550 875 678 932 laetitiam
698 874 800 951 plebis,
815 885 844 932 et
858 893 974 932 suorum
995 875 1102 952 fugam,

173 967 289 1042 trepida
303 967 388 1024 etiam
409 977 470 1024 turn
492 967 617 1038 civitate,
637 985 725 1040 quum
746 984 783 1024 ex
803 965 935 1022 Mamilia
954 966 1104 1041 rogatione

172 1066 233 1114 tres
254 1059 422 1132 quaesitores
442 1068 621 1134 rogarentur,
644 1057 788 1128 effecerat,
803 1057 846 1113 uti
867 1056 928 1132 ipse
949 1056 980 1114 in
1000 1074 1036 1113 eo
1053 1074 1104 1114 nu

171 1165 254 1204 mero
266 1159 420 1206 crearetur.
462 1148 521 1205 Sed
535 1149 655 1222 quaestio
669 1148 826 1206 exercitata
840 1166 939 1222 aspere
951 1147 1103 1205 violenter·

170 1257 238 1313 que,
254 1258 290 1296 ex
310 1257 438 1309 rumore,
453 1249 481 1296 et
494 1239 624 1295 lubidine
637 1239 749 1313 plebis:
771 1249 803 1295 ut
820 1257 896 1314 sepe
909 1238 1100 1310 nobilitatem,

169 1328 214 1385 sic
243 1348 280 1387 ea
299 1338 471 1404 tempestate
492 1329 606 1402 plebem
625 1347 662 1384 ex
683 1329 819 1396 secundis
839 1330 925 1389 rebus
947 1328 1102 1389 insolentia

169 1430 301 1565 ⁰033(-
337 1506 477 1564 Ceterum
503 1523 566 1562 mos
588 1506 712 1580 partium
745 1506 926 1580 popularium
956 1516 984 1564 et
1011 1507 1103 1565 senati

169 1598 348 1668 factionum,
371 1615 406 1654 ec
427 1596 532 1654 deinde
553 1596 682 1653 omnium
702 1596 841 1652 malarum
869 1597 982 1668 artium,
1002 1597 1104 1672 paucis

170 1698 242 1746 unte
257 1687 340 1745 anuis
355 1687 460 1743 Romae
474 1696 554 1743 ortus
568 1679 621 1759 est,
636 1687 697 1743 otio
717 1697 802 1761 atque
817 1687 990 1744 abundantia
1004 1705 1102 1745 earum

169 1797 282 1850 rerum,
296 1798 360 1853 quae
375 1777 470 1854 prima
487 1778 623 1835 mortales
642 1777 760 1834 ducunt.
802 1777 890 1849 Nam,
906 1787 971 1834 ante
984 1777 1104 1836 Cartha·

170 1869 271 1947 ginem
296 1869 431 1940 deletam,
459 1869 583 1944 populus
610 1878 639 1925 et
669 1878 785 1924 senatus
811 1867 965 1924 Romanus
989 1867 1103 1943 placide

170 1960 362 2034 modesteque
393 1959 466 2016 inter
498 1978 529 2016 se
559 1959 767 2034 rempublicam
797 1959 975 2016 tractabant:
1009 1977 1103 2033 neque

170 2049 285 2128 gloriae,
307 2067 401 2122 neque
428 2050 632 2107 dominationis
653 2060 800 2107 certamen
823 2050 898 2107 inter
926 2050 997 2108 civis
1020 2059 1100 2110 erat:

170 2150 270 2198 metus
284 2138 395 2195 hostilis
409 2139 439 2196 in
453 2139 537 2196 bonis
553 2140 660 2198 artibus
674 2141 819 2198 civitatem
839 2142 989 2200 retinebat.
1029 2143 1100 2216 Sed,

170 2231 223 2288 ubi
244 2229 295 2286 illa
322 2228 445 2289 formido
473 2231 617 2288 mentibus
645 2232 793 2303 discessit3
823 2233 935 2292 scilicet
964 2253 1007 2306 ea,
1036 2253 1101 2310 que

171 2338 219 2378 res
240 2319 375 2376 secundae
403 2331 508 2392 amant,
532 2320 651 2380 lascivia
675 2333 760 2397 atque
784 2325 919 2398 superbia
945 2325 1098 2384 incessere.

172 2409 227 2483 Ite,
242 2410 320 2485 quod
340 2411 370 2466 in
386 2411 512 2468 advorsis
531 2413 617 2469 rebus
635 2424 812 2488 optaverant,
833 2415 934 2486 otium,
948 2425 1100 2490 postquam

172 2501 268 2576 adepti
282 2510 359 2571 sunt,
375 2502 502 2577 asperius
524 2503 712 2576 acerbiusque
734 2502 796 2559 suit.
837 2503 972 2576 Namque
986 2523 1101 2579 ooepere

173 2591 308 2648 nobilitas
335 2591 514 2667 dignitatem,
541 2591 665 2665 populus
695 2592 857 2648 libertatem
886 2592 916 2648 in
939 2590 1101 2650 lubidinem

173 2691 299 2738 vertere:
321 2681 376 2739 sibi
388 2681 510 2755 quisque
524 2680 641 2751 ducere,
657 2681 780 2750 trahere,
795 2697 903 2754 rapere.
944 2680 990 2737 Ita
1003 2681 1101 2740 omnia

174 2769 203 2828 iu
226 2771 297 2828 duas
320 2782 415 2847 partes
440 2771 583 2828 abstracta
604 2781 689 2839 sunt;
718 2769 890 2845 respublica,
914 2789 977 2846 quae
1004 2771 1100 2832 media

173 2861 275 2933 suerat,
290 2862 454 2919 dilacerata.
496 2861 632 2920 Ceterum
646 2861 782 2918 nobilitas
796 2861 920 2922 suctione
934 2863 1026 2941 magis
1039 2864 1100 2940 pol-

172 2951 264 3010 lebat:
293 2952 385 3028 plebis
405 2953 458 3023 vis,
479 2952 573 3010 soluta
594 2963 679 3028 atque
700 2953 829 3030 dispersa
849 2953 879 3012 in
902 2955 1097 3030 multitudine,

172 3043 267 3100 minus
288 3053 416 3119 poterat:
445 3061 603 3119 paucorum
626 3045 744 3102 arbitrio
763 3045 832 3103 belli
853 3045 987 3120 domique
1010 3046 1098 3119 agita·

171 3132 272 3191 batur:
297 3152 386 3209 penes
409 3134 526 3192 eosdem
548 3135 691 3206 aerarium,
713 3135 880 3210 provincie,
904 3135 1097 3208 magistratus,

171 3222 270 3300 gloriae
291 3225 486 3300 triumphique
508 3235 606 3282 erant:
637 3225 760 3299 populus
778 3223 881 3280 militia
902 3232 986 3295 atque
1000 3221 1099 3295 inopia

170 3315 365 3390 urguebatur;
395 3314 507 3390 predas
539 3313 658 3369 bellicas
688 3313 874 3387 imperatores
904 3329 971 3366 cum
997 3311 1098 3385 paucis

170 3403 351 3479 diripiebant.
392 3404 508 3460 Interea
527 3411 671 3477 parentes,
689 3411 738 3456 aut
757 3399 837 3475 parvi
858 3399 942 3457 liberi
963 3399 1096 3475 militum,

169 3494 211 3552 uti
225 3495 348 3570 quisque
364 3493 521 3570 potentiori
542 3490 666 3549 confinis
686 3499 756 3559 erat,
771 3488 888 3546 sedibus
908 3491 1095 3566 pellebantur.

168 3581 215 3644 Ite
227 3604 296 3644 cum
315 3585 446 3662 potentia
467 3584 586 3642 avaritia
603 3581 667 3647 ,uiue
686 3579 772 3646 modo
792 3580 998 3661 modestiaque,
1019 3583 1097 3641 inva-
