2682 4268
232 319 295 386 122
507 335 671 382 omnnem
693 335 875 380 monacas.

228 479 303 560 plius
317 477 462 558 equitibus
475 497 539 538 sese
551 477 699 538 ostendit:
719 477 768 555 qui
777 488 886 537 temere
899 487 928 536 ct
938 475 1033 538 effuse
1045 489 1158 556 euntes,

229 573 319 634 Solle
340 573 460 649 aliisque
480 571 616 632 omnibus
636 581 665 630 et
684 589 838 630 numerum
852 571 1022 648 ampliorem
1036 591 1117 646 vero,
1131 584 1160 634 et

228 665 363 726 hostilem
375 675 485 725 metum
497 665 670 726 efficiebant
710 663 804 742 Igitur
817 683 850 723 se
869 665 991 741 quisque
1011 667 1157 742 expedire,

230 773 309 816 orma
332 765 418 834 atque
437 755 496 816 tela
515 765 665 833 temptare,
686 753 855 814 intendere:
876 755 963 812 timor
984 755 1158 832 aliquantus,

229 847 279 906 sed
302 865 368 925 spes
391 847 521 924 amplior,
545 847 652 923 quippo
675 845 844 918 victoribus,
868 856 898 904 et
919 845 1075 906 advorsum
1099 867 1157 921 eos,

230 955 303 1015 quos
322 957 399 1015 sepe
421 939 558 998 vicerant
599 937 720 995 Interim
743 937 865 1013 equites,
885 937 1067 1014 exploratum
1090 957 1158 1016 pre·

230 1029 321 1102 missi,
335 1047 407 1101 reru,
422 1029 466 1086 uti
479 1037 550 1099 erat,
565 1028 693 1102 quietam
706 1027 855 1085 nunciant

269 1118 348 1178 CVI.
376 1117 473 1176 Volux
489 1117 644 1175 adveniens
666 1127 839 1192 questorem
864 1116 988 1194 adpellat
1009 1118 1156 1194 dicitque:

228 1211 249 1244 ‘¹
258 1227 321 1268 sea
337 1218 418 1284 patre
432 1207 553 1266 Boccho
573 1207 689 1265 obviam
703 1207 759 1265 illis
778 1207 874 1280 simul,
888 1218 918 1265 et
937 1208 1073 1282 praesidio
1093 1211 1157 1267 mis

228 1301 321 1359 eum.”
363 1297 479 1358 Deinde
492 1315 558 1358 eum
573 1308 602 1356 et
615 1316 787 1375 proxumum
808 1298 886 1356 diem
906 1299 969 1356 sine
989 1309 1070 1356 metu
1091 1317 1157 1357 oon·
1193 1328 1194 1331 ¹

235 1389 332 1470 juncti
344 1400 423 1449 eunt
464 1387 544 1462 Post,
558 1389 610 1449 ubi
622 1399 718 1448 cestra
730 1389 836 1460 locato,
850 1398 879 1446 et
893 1388 951 1446 diei
965 1407 1066 1464 vesper
1087 1400 1156 1462 erat,

229 1491 350 1558 repente
366 1480 488 1540 Maurus
501 1479 614 1539 incerto
627 1481 706 1538 voltu
719 1497 826 1555 parens
842 1479 878 1538 ad
899 1479 1009 1538 Sullam
1032 1481 1157 1538 adcurrit

230 1569 380 1648 dicitque:
401 1577 421 1606 “
433 1570 489 1630 sibi
502 1589 538 1630 ex
557 1571 787 1646 speculatoribus
803 1570 963 1646 cognitum,
984 1570 1157 1648 Jugurtharn

229 1661 307 1720 haud
319 1661 422 1739 procul
434 1663 534 1720 abesse
546 1679 552 1718 :
564 1661 581 1690 ’¹
603 1661 699 1733 simul,
713 1660 756 1718 uti
775 1670 865 1717 noctu
879 1660 954 1717 clam
975 1678 1075 1718 secum
1095 1680 1157 1738 pro·

228 1751 351 1830 lingeret,
376 1762 459 1830 rogat
481 1761 567 1827 atque
590 1751 728 1809 hortatur.
769 1749 823 1808 Ille
844 1750 940 1808 animo
960 1750 1052 1808 feroci
1072 1761 1157 1829 negat

230 1847 249 1878 ¹⁴
261 1861 293 1902 se
303 1843 409 1902 totiens
420 1843 515 1900 fusum
525 1841 684 1900 Numidam
694 1840 898 1918 pertimescere
911 1857 918 1898 τ
932 1841 1030 1898 virtuti
1039 1859 1156 1903 suorum

228 1933 299 1992 satis
319 1934 455 1992 credere:
476 1933 564 1990 etiam
586 1933 612 1989 si
635 1941 714 1990 certa
736 1931 826 2006 pestis
847 1931 969 2003 adesset,
990 1948 1157 1990 mansurum

228 2023 335 2101 potius,
350 2041 436 2099 quem
448 2021 581 2100 proditis,
601 2039 675 2097 quos
688 2022 822 2093 ducebat,
844 2023 922 2098 turpi
947 2022 1015 2098 linge
1039 2022 1157 2081 incerte

230 2131 265 2172 tc
280 2115 398 2173 forsitan
411 2125 478 2190 post
490 2113 588 2188 paullo
607 2114 710 2170 morbo
730 2112 889 2171 interiturae
909 2113 974 2170 vite
995 2115 1154 2188 parceret.''

230 2203 367 2262 Ceterum
383 2204 535 2260 abeodem
555 2203 693 2274 monitus,
713 2203 756 2261 uti
780 2213 870 2262 noctu
893 2203 1154 2278 proficiscerentur,

230 2291 384 2351 consilinm
399 2291 556 2367 adprobat:
579 2293 731 2350 aestatim
753 2295 859 2352 milites
883 2304 1011 2352 ooenatos
1032 2313 1105 2367 esse,
1126 2295 1157 2353 in

230 2381 332 2441 castris
346 2381 428 2459 ignes
448 2398 535 2457 quam
549 2383 749 2441 creberrumos
769 2385 842 2457 fieri,
857 2382 925 2442 dein
945 2385 1039 2460 prima
1059 2386 1156 2462 vigilia

230 2472 345 2532 silentio
372 2473 471 2550 egredi
494 2471 584 2549 jubet.
635 2473 759 2550 Jamque
782 2485 926 2534 nocturno
951 2475 1053 2533 itinere
1075 2476 1155 2533 fessis

230 2565 374 2638 omnibus,
389 2563 472 2624 Sulla
487 2563 595 2640 pariter
608 2583 677 2622 cum
696 2575 762 2622 ortu
782 2565 852 2622 solis
871 2575 966 2624 castre
985 2567 1154 2636 metebatur,

230 2659 318 2730 quum
345 2657 457 2730 equites
483 2655 581 2714 Mauri
613 2656 764 2727 nuncient,
802 2661 821 2690 “
834 2655 1008 2732 Jugrrrtham
1039 2649 1155 2714 circiter

230 2744 319 2803 duum
343 2745 466 2803 millium
489 2743 639 2804 intervallo
664 2757 730 2806 ante
752 2758 803 2804 eo's
825 2746 1020 2804 consedisse.”
1064 2747 1155 2824 Quod

135 2839 138 2842 '
228 2843 380 2908 postquem
401 2835 531 2891 anditum
553 2845 605 2907 est,
628 2846 689 2892 tum
709 2845 778 2894 vero
800 2835 904 2914 ingens
927 2848 1022 2895 metus
1042 2849 1156 2895 nostros

230 2921 357 2980 invadit:
380 2922 499 2979 credere
522 2941 554 2980 se
575 2924 705 2999 proditos
728 2945 744 2984 e
768 2927 892 3000 Voluce,
916 2933 947 2985 et
970 2928 1083 2986 insidiis
1103 2928 1156 2985 cir·

230 3019 407 3072 cumrentos.
449 3011 497 3068 Ac
510 3011 600 3083 fuere,
614 3014 664 3089 qui
678 3015 819 3088 dicerent,
835 3037 923 3077 manu
937 3017 1155 3090 vindicandum,

229 3118 324 3183 nque
339 3102 413 3178 apud
427 3101 509 3158 illum
523 3111 633 3162 tautum
647 3105 743 3162 scelus
757 3107 882 3165 inultum
896 3108 1126 3182 relinquendum.

269 3193 364 3252 CVII.
382 3193 434 3252 'At
447 3191 538 3267 Sulla,
552 3213 727 3270 quamquem
745 3199 846 3256 eadem
861 3201 1039 3270 restumabat,
1060 3209 1157 3257 tamen

231 3285 267 3344 ab
281 3285 386 3363 injuria
399 3285 535 3343 Maurum
547 3286 700 3362 prohibet:
722 3307 790 3345 suos
804 3289 943 3361 hortatur,
958 3295 978 3324 “
988 3290 1031 3346 uti
1053 3290 1157 3352 sortem

231 3376 357 3434 enimnrn
378 3386 528 3452 gererent:
550 3396 626 3454 saepe
648 3386 713 3435 ante
736 3379 838 3454 paucis
858 3381 984 3437 strenuis
1005 3381 1158 3438 advorsum

229 3465 443 3523 multitudinem
457 3468 531 3526 bene
544 3479 722 3544 pugnaturn:
743 3478 851 3542 quanto
865 3470 920 3526 sibi
935 3470 966 3526 in
986 3469 1086 3546 prelio
1106 3470 1159 3527 mi·

230 3569 285 3612 nus
310 3554 516 3628 pepercissent,
543 3566 624 3614 teuto
649 3558 771 3616 tutiores
797 3557 878 3617 fore:
908 3577 965 3618 nec
984 3577 1159 3636 quemquam
