2656 4276
140 370 152 387 ·
238 355 281 420 86
516 373 680 418 amusan
700 371 885 418 mansues.

131 549 140 562 .
239 515 354 596 agmins
367 525 517 591 temptare,
529 532 565 574 ao
578 516 676 576 rtatim
689 515 719 577 in
734 515 818 575 oollis
828 513 959 593 regredi;
980 531 1084 575 rursus
1095 514 1169 592 aliis,

237 617 303 686 post
323 607 387 666 aliia
406 608 550 678 minitari,
572 625 667 683 neque
686 607 817 684 prelium
837 607 944 675 faeere,
965 621 1062 682 neque
1076 609 1169 668 otium

237 698 316 776 pati;
337 699 536 756 tantummodo
550 698 663 756 hostem
678 698 714 756 ab
728 699 845 774 inoepto
859 697 995 755 retinere.

277 788 356 848 LVI.
387 788 541 846 Romanus
562 789 728 865 imperator,
741 789 793 846 ubi
812 807 844 846 se
864 787 937 846 dolis
951 787 1064 865 fatigari
1077 788 1168 863 ridet,

239 895 333 956 neque
348 879 385 938 ab
397 881 480 938 hoste
494 879 609 955 copiam
618 879 768 958 pugnandi
781 877 854 950 lieri,
865 878 967 936 urbem
981 897 1129 955 maguam,
1139 889 1168 938 et

240 969 272 1030 iu
285 989 321 1030 ea
339 980 430 1047 parte,
445 988 503 1045 qua
518 970 574 1028 sits
593 980 665 1042 erut,
680 987 777 1028 arcein
791 969 884 1046 regui,
899 969 1016 1027 nomine
1031 969 1166 1042 Zamam,

239 1061 340 1120 statuit
363 1077 549 1137 oppugnare;
570 1071 649 1118 ratus
673 1060 713 1131 id,
738 1059 816 1134 quod
840 1058 990 1136 negotium
1016 1061 1167 1134 poscebat,

240 1149 413 1226 Iugurtham
436 1149 634 1207 laborantibus
657 1150 717 1206 suis
743 1149 851 1207 auxilio
877 1159 1042 1220 venturum,
1070 1149 1168 1226 ibique

239 1239 370 1321 praelium
407 1237 477 1296 lore.
531 1240 573 1296 At
599 1239 659 1310 ille,
686 1257 750 1314 qum
780 1239 965 1315 parabantur,
994 1258 1011 1297 a
1039 1239 1168 1318 perfugis

240 1329 372 1400 ednotus,
396 1329 511 1406 mugnis
534 1329 686 1388 itineribus
714 1328 867 1388 Metellum
895 1328 1059 1399 antevenit3
1089 1329 1174 1406 oppi÷

241 1419 333 1480 danos
346 1420 486 1492 bortatur,
497 1420 778 1493 moeuiadeiendsnt,
791 1421 896 1478 additis
906 1420 1014 1478 auxilio
1027 1420 1166 1497 perfugis,

242 1510 320 1587 quod
342 1529 435 1588 genus
456 1529 492 1570 ex
513 1511 606 1588 oopiis
627 1512 714 1589 regis,
741 1512 810 1586 quia
833 1510 932 1570 fallere
954 1511 1103 1586 nequibat,
1122 1510 1166 1569 lir-

242 1603 413 1661 missumum
426 1612 496 1660 erat.
538 1602 681 1662 Praeterea
698 1603 862 1679 pollicetur,
876 1601 908 1659 in
926 1611 1058 1678 tempore
1079 1611 1168 1660 semet

242 1710 310 1752 oum
337 1693 466 1752 exercitu
494 1691 600 1750 adfore.
653 1692 700 1751 Ita
726 1693 893 1768 oompositia
919 1693 1016 1764 rebus,
1045 1691 1075 1750 in
1105 1693 1168 1751 loos

242 1799 329 1858 quarn
343 1799 477 1842 maxume
494 1783 611 1842 oooulta
623 1783 758 1855 disoedit,
773 1803 808 1841 no
820 1792 884 1858 post
896 1783 995 1858 paullo
1007 1783 1166 1860 eognosoit,

243 1871 372 1934 Marium
389 1892 426 1932 ex
446 1873 550 1932 itinere
569 1873 774 1933 frumentatum
796 1891 864 1932 oum
885 1873 988 1949 pauois
1001 1873 1167 1932 eohortibus

244 1964 362 2024 Siooam
384 1963 521 2034 missum3
543 1965 620 2039 quod
643 1964 781 2040 oppidum
804 1963 930 2038 primurn
952 1965 1083 2022 omnium
1104 1973 1170 2040 post

243 2054 350 2112 malem
372 2072 501 2130 pugnam
529 2053 565 2112 ub
590 2071 659 2132 rege
682 2053 837 2112 deleuerat.
878 2053 925 2111 Eo
953 2073 1021 2112 oum
1047 2053 1170 2115 delectis

243 2144 390 2218 equitibus
403 2153 492 2204 nootu
505 2145 610 2222 pergit,
624 2155 654 2202 et
671 2145 731 2221 jam
751 2143 967 2222 egredientibus
980 2144 1127 2203 Romanis
1139 2143 1168 2202 iu

243 2241 327 2307 porta
338 2247 466 2308 pugnum
479 2233 567 2291 fsoit:
588 2234 674 2292 simul
694 2252 801 2311 magna
815 2252 889 2292 roos
908 2234 1063 2293 Siooeuses
1078 2234 1172 2293 hona-

243 2331 301 2392 tur,
323 2321 397 2378 “uti
421 2321 556 2380 cohortes
581 2323 617 2381 ab
639 2333 723 2401 tergo
746 2325 993 2384 oiroumveniant:
1024 2324 1170 2383 fortunam

245 2411 302 2468 illis
314 2411 445 2486 prmolsri
458 2411 597 2472 facinoris
610 2432 711 2472 ossum
732 2416 817 2473 dare:
839 2415 863 2472 si
878 2415 908 2472 id
922 2415 1056 2486 senerInt,
1070 2424 1171 2491 postea

245 2519 308 2560 sese
321 2501 351 2560 in
365 2519 466 2580 regno,
481 2502 546 2562 illos
569 2504 600 2564 in
621 2504 754 2563 libertate
776 2505 839 2562 sine
860 2515 940 2563 metu
959 2514 1074 2562 aetatsrn
1093 2514 1172 2562 notu·

244 2595 321 2652 ros.'’
362 2593 420 2666 Ao,
434 2593 465 2652 ni
479 2592 591 2654 Marius
604 2595 688 2672 sigua
708 2595 816 2654 inferre
829 2605 915 2670 atque
928 2595 1050 2653 eradere
1064 2595 1172 2671 oppido

244 2686 462 2761 properarisset,
484 2686 616 2761 prolsoto
637 2686 747 2758 cuncti,
770 2696 819 2744 aut
839 2701 944 2762 magna
962 2705 1029 2761 pars
1050 2686 1173 2744 Siooen·

245 2775 321 2832 sium
341 2775 427 2834 fidem
447 2777 651 2834 mutavissent:
672 2787 753 2835 tanta
772 2776 931 2835 mobilitate
951 2794 1014 2834 sese
1034 2775 1172 2832 Numidas

247 2871 344 2937 agunt.
385 2863 445 2920 Sed
467 2865 573 2923 milites
595 2864 765 2942 Iugurthini
786 2867 941 2942 paullisper
962 2866 999 2924 ab
1019 2883 1090 2942 rege
1112 2883 1173 2924 sus·

245 2951 358 3022 tentati,
372 2962 522 3026 postquam
536 2955 644 3030 majore
664 2955 693 3014 vi
714 2956 811 3014 hostes
825 2965 959 3034 urguent,
973 2957 1075 3033 psuois
1089 2955 1173 3014 amis

245 3041 295 3112 sis,
309 3041 424 3120 profugi
438 3042 599 3104 discedunt.

285 3132 382 3193 LVII.
415 3132 528 3192 Marius
550 3135 586 3192 sd
607 3134 732 3194 Zamam
754 3137 903 3214 pervenit:
925 3135 955 3196 id
982 3135 1122 3212 oppidum
1142 3135 1172 3193 ln

246 3241 350 3300 tempo
364 3223 461 3297 situm,
475 3224 568 3302 magis
582 3245 679 3302 opere,
693 3247 779 3303 quarn
801 3238 904 3287 natura
927 3227 1072 3308 munitum
1091 3235 1171 3296 erat;

246 3315 355 3376 nullius
382 3315 494 3374 idoueae
520 3317 564 3374 rei
590 3336 690 3394 egens,
718 3318 805 3377 armis
838 3319 963 3392 virisque
993 3316 1196 3392 opulentum'

246 3401 340 3479 Igitur
363 3405 510 3478 Metellus,
533 3425 586 3482 pro
605 3418 734 3483 tempore
758 3418 843 3482 atque
861 3408 927 3466 looo
947 3405 1055 3482 peratis
1076 3405 1174 3476 rebus,
1243 3462 1246 3468 .

247 3503 356 3550 ouuota
368 3496 475 3554 misnia
487 3497 616 3556 exercitu
629 3496 838 3556 oiroumvenit:
859 3496 962 3573 legetis
976 3495 1109 3571 imperat,
1124 3493 1177 3552 ubi

247 3578 368 3654 quisque
390 3595 520 3644 turmot:
541 3587 657 3659 deinde,
673 3586 758 3664 signo
779 3584 859 3658 dato,
873 3587 1002 3662 undique
1015 3585 1102 3646 simul
1118 3583 1179 3648 olt-
