2656 4276
473 311 636 354 sanamur
657 311 838 356 suumne.
1075 289 1119 355 bb

188 451 329 528 purnius:
357 451 518 527 Calpurnio
544 451 695 524 Numidia,
716 453 849 528 Scipioni
869 451 955 511 Italia
980 451 1116 510 obvenit:

191 541 298 599 deinde
318 543 473 614 exercitus,
492 543 542 617 qui
564 543 594 600 in
616 543 749 601 Africam
769 553 940 619 portaretur,
962 542 1116 601 scribitur:

189 631 376 708 stipendium,
392 633 513 709 aliaque,
528 653 592 708 quae
606 634 682 692 bello
697 635 762 692 usui
775 635 879 706 forent,
893 635 1097 692 decernuntur.

229 723 376 781 XXVIII.
404 725 446 780 At
459 724 612 800 Iugurtha,
633 736 736 783 contra
755 743 835 801 spem
854 725 964 784 nuncio
985 733 1116 800 accepto,

190 813 298 887 quippe
312 814 371 884 cui,
385 813 488 871 Roma
502 816 600 875 omnia
613 835 718 874 venum
733 817 785 888 ire,
807 816 837 872 in
859 815 956 872 animo
976 815 1115 885 haeseram

192 902 295 974 fllium,
320 915 349 962 et
373 923 439 962 oum
458 923 494 964 eo
513 908 588 964 dnos
610 908 769 978 familiaris,
793 907 828 964 ad
852 916 984 964 senatum
1006 905 1118 981 legatos

191 993 297 1050 mittit:
318 995 428 1070 hisque,
440 1007 470 1054 ut
480 997 546 1069 illis,
556 1016 628 1073 quos
643 997 811 1073 Hiempsale
825 997 979 1054 interfecto
990 995 1117 1068 miserat,

190 1086 336 1160 pracepit,
349 1087 474 1145 “omnis
487 1089 617 1146 mortalis
634 1089 760 1164 pecunia
780 1088 1011 1165 adgrediuntur.”
1052 1085 1117 1148 Qui

189 1183 339 1250 postquam
353 1176 480 1234 Romam
493 1179 693 1250 adventabant,
705 1189 821 1236 senatus
832 1179 956 1236 chstia
966 1176 1117 1235 consultus

190 1274 242 1336 est,
255 1267 423 1341 placeretne
436 1268 549 1343 legatos
562 1268 712 1343 Iugurthae
732 1268 824 1342 recipi
843 1269 1007 1325 moenibus:
1028 1267 1118 1342 bique

187 1353 355 1426 deerevere,
370 1363 388 1394 ‘⁸
401 1357 459 1412 uisi
477 1374 612 1430 regnum,
635 1357 786 1430 ipsumque
809 1357 938 1412 deditum
960 1357 1117 1428 venissent,

188 1445 233 1503 uti
267 1445 299 1501 in
327 1443 431 1500 diebus
466 1442 640 1521 [proxumis]
676 1442 779 1499 decem
803 1443 890 1499 Italia
915 1444 1116 1500 decederent.”

189 1533 303 1592 Consul
328 1532 467 1590 Numidis
490 1551 526 1590 ex
550 1532 641 1588 senati
665 1531 783 1588 decreto
807 1531 940 1588 nunciati
957 1532 1059 1606 jubet:
1080 1531 1121 1608 ita

190 1623 308 1682 infectis
321 1623 409 1680 rebus
423 1622 464 1678 illi
478 1623 595 1678 domum
608 1622 768 1679 discedunt.
802 1621 922 1678 Interim
934 1621 1119 1702 Calpurnius,

189 1725 290 1790 parato
316 1713 456 1784 exercitu,
483 1713 562 1789 legat
589 1713 643 1769 sibi
669 1713 802 1770 homines
828 1712 944 1784 nobilis,
972 1713 1118 1785 factiosos,

187 1823 312 1879 quorum
328 1803 509 1874 auctoritate,
530 1821 594 1878 quae
615 1803 792 1877 deliquisset,
814 1802 926 1859 munita
945 1803 1006 1862 sore
1025 1820 1120 1881 spera·

190 1895 238 1953 bat
250 1914 256 1951 :
278 1895 309 1952 in
323 1893 387 1969 quis
402 1894 455 1950 suit
469 1895 607 1965 Scaurus
622 1894 706 1970 cujus
716 1893 753 1950 de
763 1903 867 1951 natura
880 1903 909 1951 et
920 1894 1020 1952 habitu
1033 1887 1120 1968 supra

186 1985 420 2044 memoravimus.
461 1984 538 2041 Nam
553 1983 584 2041 in
598 1984 718 2041 consule
737 1994 836 2042 nostro
858 1985 956 2043 multae
977 1985 1118 2060 bonaque

187 2084 267 2132 artes
282 2073 371 2130 ammi
385 2082 414 2130 et
427 2074 555 2148 corporis
568 2084 658 2146 erant,
674 2093 744 2149 quas
758 2075 852 2132 omnis
874 2075 992 2134 avaritia
1009 2091 1117 2151 praepe-

188 2165 308 2222 diebat:
328 2164 441 2238 patiens
463 2164 604 2237 laborum,
627 2165 687 2222 acri
711 2165 838 2242 ingenio,
862 2165 932 2224 satis
951 2166 1115 2242 providens,

188 2256 257 2312 belli
266 2255 344 2310 haud
356 2253 482 2330 ignarus,
494 2255 681 2312 firmissumus
692 2266 794 2313 contra
803 2257 933 2332 pericula
943 2266 973 2314 et
986 2256 1114 2314 insidias.

189 2345 248 2402 Sed
261 2345 393 2420 legiones
405 2363 456 2418 per
469 2344 582 2402 ltaliam
596 2345 755 2422 Rhegium,
777 2357 862 2420 atque
883 2346 951 2404 inde
971 2347 1114 2420 Siciliam,

187 2453 274 2510 porro
293 2454 329 2492 ex
343 2435 444 2492 Sicilia
457 2435 487 2491 in
501 2435 642 2506 Africam,
663 2445 840 2492 transvectae.
881 2435 974 2510 Igitur
995 2436 1116 2510 Calpur-

190 2525 255 2582 nius
264 2525 358 2596 initio,
369 2526 475 2599 paratis
486 2525 704 2594 commeatibus,
714 2524 818 2582 acriter
829 2523 999 2579 Numidiam
1008 2523 1117 2598 ingres·

188 2635 237 2673 sus
257 2626 310 2686 est,
331 2615 493 2688 multosque
513 2613 651 2686 mortalis,
674 2623 703 2669 et
726 2612 807 2670 urbis
831 2611 940 2688 aliquot
959 2609 1116 2690 pugnando

190 2707 275 2781 cepit.

228 2797 345 2854 XXIX.
374 2797 443 2870 Sed,
458 2797 508 2853 ubi
522 2793 667 2872 Iugurtha
684 2813 737 2871 per
752 2794 862 2872 legatos
882 2792 1007 2870 pecnnia
1026 2803 1115 2870 temp·

187 2897 259 2960 tare,
274 2887 415 2962 bellique,·
425 2887 502 2962 quod
518 2886 744 2957 administrabat,
759 2886 940 2962 asperitatem
961 2885 1115 2944 ostendere

188 2979 285 3054 ooepit,
302 2978 415 3035 animus
429 2995 504 3054 aeger
519 2977 636 3034 avaritia
651 2976 736 3034 facile
756 2994 914 3034 convorsus
934 2985 986 3033 est.
1027 2975 1115 3032 Ceto·

187 3086 251 3125 rum
265 3069 364 3126 socius
378 3077 407 3126 et
428 3069 594 3126 administer
608 3067 738 3124 omnium
752 3067 940 3123 consiliorum
956 3061 1116 3120 adsumitur
1162 3108 1170 3123 ,

187 3159 334 3216 Scaurus:
355 3159 415 3233 qui,
429 3158 542 3216 tametsi
557 3176 575 3214 a
592 3156 747 3232 principio,
767 3155 912 3229 plerisque
933 3169 968 3206 ex
989 3146 1115 3206 factione

187 3249 251 3324 ejus
275 3250 427 3324 corruptis,
453 3263 601 3306 acerrume
623 3242 721 3319 regem
744 3245 979 3316 impugnaverat;
1008 3247 1115 3309 tamen,

186 3340 389 3416 magnitudine
415 3338 557 3414 pecuniae,
587 3351 604 3389 a
629 3333 709 3387 bono
734 3331 912 3399 honestoque
939 3326 969 3381 in
995 3343 1114 3400 pravum

186 3432 349 3489 abstractus
363 3439 415 3488 est.
457 3427 516 3485 Sed
531 3420 676 3499 Iugurtha
688 3419 813 3491 primum
826 3416 1025 3472 tantummodo
1046 3413 1114 3474 belli

185 3535 297 3582 moram
313 3519 484 3588 redimebat,
493 3515 679 3580 existumans,
691 3523 754 3565 sese
764 3504 871 3584 aliquid
885 3503 999 3566 interim
1010 3506 1114 3564 Romae

427 3607 448 3668 6
456 3605 474 3639 ἢ
