2656 4276
233 341 279 406 40
521 356 685 400 ssuuusrrr
706 356 869 402 cursurus.

232 507 345 570 ssmus3
376 497 434 557 illis
455 515 701 574 supersuesneum
728 507 772 558 est
795 515 927 574 pugnsre
951 513 1006 572 pro
1030 502 1164 574 potentis

232 605 403 666 psueorum.
443 588 516 652 Quo
536 588 676 647 suduoius
696 587 914 665 srlgredismini,
928 605 1072 646 memores
1092 591 1163 666 pris·

233 679 303 738 tine
322 677 445 738 virtutis.
486 679 586 738 Liouis
605 679 699 749 nobis,
714 697 781 736 oum
802 696 915 736 summe
928 679 1161 754 turpitudine,in

231 769 322 830 suilio
343 779 457 829 etatem
478 788 583 848 egere:
611 769 745 844 potuistis
765 768 898 826 nonnulli
919 768 1035 841 Romen
1050 771 1162 831 emissis

233 859 330 933 bouis,
353 859 461 918 slienss
484 877 554 936 opes
574 871 749 936 erspeotsre.
798 858 881 920 Quis
904 857 954 916 ills
976 859 1053 917 stede
1078 871 1161 936 nsque

234 949 417 1011 intulersnds
436 949 505 1008 siris
524 951 705 1020 videbantur,
726 949 789 1006 hsso
810 949 892 1023 sequi
912 949 1088 1008 decrevistis.
1129 952 1162 1012 si

233 1041 399 1118 relinquere
421 1040 516 1112 voltis,
537 1039 659 1098 sudsois
679 1057 752 1114 opus
772 1049 832 1096 est:
863 1057 959 1112 nemo,
981 1041 1039 1098 nisi
1060 1041 1160 1114 vietor,

233 1151 308 1210 psee
331 1133 439 1190 bellum
463 1130 591 1188 mutarit
640 1129 718 1188 Nem
746 1130 777 1188 in
804 1131 873 1207 fugo
892 1131 1013 1189 sulutem
1036 1151 1161 1208 sperare,

233 1243 323 1302 quum
332 1241 421 1303 srms,
435 1224 500 1298 quis
514 1241 620 1299 eorpus
632 1223 750 1300 tegitur,
767 1224 803 1280 ab
817 1225 949 1281 hostibus
963 1226 1112 1298 srorteris,
1127 1243 1162 1285 es

136 1324 140 1330 '
234 1331 303 1374 sero
330 1313 477 1372 dementis
502 1323 554 1372 est.
603 1314 724 1388 Semper
751 1313 783 1370 in
804 1314 905 1389 prelio
926 1333 1093 1372 maxumum
1118 1327 1162 1376 est

127 1445 129 1449 -
233 1404 472 1482 periculumqut
485 1420 622 1462 muume
632 1404 750 1461 timent:
772 1405 892 1462 sudsois
909 1423 962 1480 pro
981 1424 1064 1464 muro
1078 1406 1161 1464 bebo
1210 1441 1216 1448 -

234 1505 290 1555 tur.
329 1494 432 1558 Quum
445 1511 497 1552 vos
511 1495 674 1566 oonsidero,
688 1494 804 1566 milites,
822 1505 852 1554 et
873 1513 963 1569 quum
978 1495 1057 1552 ssets
1069 1507 1162 1556 vestre

235 1595 366 1658 estumo,
379 1604 486 1663 magns
505 1603 551 1644 me
571 1603 637 1661 spes
650 1584 779 1642 victorie
799 1594 887 1642 tenet.
927 1584 1062 1657 Animus,
1083 1596 1161 1659 ntes,

234 1679 326 1738 virtus
345 1688 440 1736 vestra
459 1696 506 1736 ms
529 1678 696 1748 hortantum
723 1688 863 1753 preterea
881 1678 1076 1750 nenessitudo,
1098 1697 1162 1754 quss

234 1769 322 1828 etism
346 1767 463 1828 timidos
484 1767 566 1826 fortis
586 1768 664 1826 sunit.
704 1767 783 1824 Nem
808 1767 961 1826 multitudo
980 1769 1106 1826 bostium
1125 1789 1162 1830 ne

234 1862 447 1924 sireumreniro
463 1873 560 1938 quest,
579 1861 734 1939 prohibent
758 1860 897 1938 sngustiae
917 1861 986 1919 loni,
1002 1916 1010 1932 ,
1026 1862 1119 1924 Quod
1137 1862 1162 1922 si

234 1953 333 2012 uirtuti
355 1963 455 2014 vostre
486 1953 603 2010 fortuna
629 1953 775 2024 inviderit,
798 1961 898 2010 cavete
925 1951 1011 2009 inulti
1038 1953 1162 2014 animam

234 2044 392 2114 emittetis3
415 2061 474 2102 neu
493 2043 572 2120 nupti
593 2043 701 2118 potius,
722 2035 809 2100 siouti
828 2059 946 2118 peoora,
966 2042 1161 2116 trucidemini,

235 2149 332 2210 quam,
345 2134 473 2193 virorum
492 2151 573 2192 more
591 2143 764 2211 pugnantes,
780 2143 930 2192 eruentem
951 2141 1036 2208 etque
1052 2134 1163 2196 luotub-

234 2241 296 2282 sem
317 2223 467 2282 vietorism
487 2224 618 2282 hostibus
637 2224 867 2300 relinquetis&

274 2311 356 2372 LIX.
388 2313 463 2372 lieo
490 2313 541 2371 ubi
563 2313 647 2386 dixit,
666 2315 826 2389 paullulum
853 2323 1055 2386 commoratus,
1080 2315 1164 2394 signs

234 2421 341 2462 seuere
362 2402 454 2480 jubet,
469 2412 555 2480 etque
575 2404 733 2462 instruotos
752 2407 869 2464 ordines
882 2407 913 2465 iu
932 2407 1029 2465 lorum
1048 2424 1163 2480 equum

234 2491 373 2552 rloduoit:
404 2495 483 2567 dein,
510 2493 628 2552 remotis
654 2495 784 2554 omnium
810 2497 903 2572 equis,
924 2513 982 2571 quo
1012 2495 1162 2569 militibus,

234 2594 385 2662 exsqnsso
410 2585 552 2662 periculo,
582 2586 695 2644 unimus
723 2587 842 2662 amplior
872 2596 958 2658 esset,
985 2586 1046 2662 ipse
1075 2587 1164 2662 pedes

233 2678 404 2751 exereitum,
427 2695 480 2754 pro
506 2677 574 2736 loeo
602 2688 686 2753 atque
714 2677 817 2753 oopiis,
839 2678 963 2736 instruit
1004 2676 1093 2750 Nem,
1121 2677 1163 2738 uti

233 2767 369 2842 planities
390 2777 452 2824 eret
471 2768 547 2824 inter
567 2768 698 2825 sinistros
716 2767 833 2838 montis,
852 2777 891 2838 et,
906 2769 943 2824 sb
956 2767 1066 2840 dextre,
1079 2785 1164 2846 rupes

235 2871 345 2927 aspera,
369 2865 438 2911 noto
462 2855 591 2916 oohortis
611 2856 642 2912 in
666 2856 761 2912 fronte
786 2855 955 2912 eonstituit:
988 2857 1163 2932 reliquarum

233 2942 319 3018 signs
340 2942 371 3000 in
392 2943 522 3000 subsidio
548 2943 637 3000 srtius
659 2944 792 3001 oolloout
838 2943 887 3000 Ab
911 2942 956 3000 bis
979 2948 1164 3006 centuriones

234 3031 330 3092 omnis
343 3032 446 3105 lentos,
460 3041 490 3090 et
503 3041 648 3106 ernostos,
668 3041 808 3108 pretores
821 3050 857 3091 er
870 3033 1011 3111 gregariis
1024 3037 1164 3098 militibus

234 3119 386 3200 optumum
399 3141 544 3200 quemque
558 3133 709 3193 minatum,
724 3122 755 3180 iu
774 3123 898 3200 primam
912 3123 1006 3194 solem
1019 3127 1163 3186 subdueit

235 3214 270 3274 0.
285 3214 430 3274 Manlium
443 3215 474 3274 in
492 3214 619 3286 dexters,
633 3214 818 3272 Fesnlanum
832 3215 985 3290 quemdum
1000 3215 1030 3273 in
1050 3217 1165 3276 sinistre

234 3316 316 3382 perte
337 3323 439 3366 oursrs
456 3305 555 3383 jubet:
577 3305 639 3382 ipse
660 3323 728 3364 oum
747 3306 860 3365 libertis
873 3320 903 3365 et
918 3306 1030 3366 colonis
1049 3317 1165 3384 proptor

236 3395 362 3468 equitem
389 3397 511 3470 adsistit,
537 3415 634 3472 quum,
658 3397 735 3457 bello
759 3397 919 3470 Cimbrioo,
943 3397 978 3456 0.
1001 3396 1115 3456 Marius
1133 3398 1165 3456 iss

235 3483 366 3541 exereitn
396 3486 532 3545 babuisse
562 3487 722 3546 dioebstnr.
773 3486 816 3544 At
841 3505 878 3544 ex
908 3486 997 3545 alters
1021 3496 1103 3563 purte
1128 3483 1165 3548 0.

236 3569 392 3646 Antonius,
411 3575 535 3650 pedibus
559 3595 646 3655 eger,
665 3575 745 3652 quod
772 3576 873 3654 prelio
896 3577 997 3637 messe
1016 3571 1164 3655 nsquibst,
