2656 4276
479 319 644 364 amusan
667 319 829 364 ulamma·
1076 299 1116 366 l}

184 475 311 542 portare,
337 461 386 538 qui
414 469 517 538 postea
542 462 679 539 princeps
705 461 760 520 fuit
786 461 855 520 belli
881 459 1019 520 faciundi.
1070 461 1116 522 Ea

185 565 355 632 tempestate
367 553 508 632 plurimos
520 554 661 630 cujusque
681 554 796 632 generis
813 553 946 614 homiues
960 551 1115 614 adscivisse

185 646 242 705 eibi
262 647 383 716 dicitur;
405 646 540 703 mulieres
559 645 647 704 etiam
669 645 787 722 aliquot,
806 663 879 720 quae,
894 643 944 701 ubi
964 653 1034 702 etas
1053 653 1116 704 tm-

185 737 335 796 turnmcde
362 737 493 811 questui,
519 755 614 812 neque
639 736 770 808 luxurie,
790 735 909 794 modum
935 736 1053 806 fecerat,
1075 746 1117 798 Ι

187 827 313 886 alienam
324 827 432 903 grande
443 827 653 885 conflaverant:
673 846 724 903 per
734 847 784 896 eas
795 845 826 884 se
837 827 964 884 Catilina
978 826 1115 886 credebat

186 926 271 995 posse
291 918 407 989 sepvitia
418 919 535 976 urbana
553 918 720 991 sollicitare,
735 919 837 976 urbem
858 916 1026 989 incendere,
1039 916 1115 976 viros

185 1027 285 1068 earum
298 1009 342 1066 vel
357 1009 511 1086 adjungere
525 1009 590 1082 sibi,
605 1010 649 1067 vel
664 1009 836 1067 interlicere.

223 1098 322 1157 XXV.
351 1100 410 1157 Sed
431 1099 461 1157 in
486 1101 532 1156 his
552 1111 613 1157 erat
635 1101 816 1177 Sempronia,
840 1119 904 1176 que
927 1099 1018 1158 multa
1038 1115 1115 1175 saept

184 1189 273 1247 virilis
287 1191 415 1248 audacie
430 1191 559 1248 facinora
572 1192 762 1248 commiserat.
804 1190 878 1248 Haec
891 1191 994 1248 mulier
1008 1207 1115 1267 genere

185 1290 271 1356 atque
291 1281 393 1351 sorma,
416 1294 557 1356 preterea
576 1281 636 1339 viro
658 1291 741 1355 atque
762 1281 860 1338 liberis
880 1281 949 1338 satis
970 1281 1115 1340 fortunata

183 1369 238 1428 suit
252 1391 259 1440 ;
274 1371 379 1427 litteris
386 1371 499 1426 Graecis
509 1380 593 1442 atque
602 1371 712 1426 Latinis
723 1371 826 1438 docts3
840 1371 961 1445 psallere
972 1380 1001 1426 et
1011 1371 1115 1428 saltare

183 1460 357 1536 elegantius,
382 1476 468 1533 quam
494 1475 614 1514 necesse
638 1468 681 1514 est
704 1459 818 1532 prcbae;
849 1459 939 1514 multa
966 1459 1032 1528 alia,
1053 1475 1116 1531 que

184 1549 377 1608 instrumenta
410 1548 540 1605 luxurie.
591 1547 650 1604 Sed
676 1547 703 1604 ei
731 1547 844 1605 cariora
869 1565 981 1622 semper
1008 1548 1115 1620 omnia,

181 1658 270 1717 quam
281 1639 370 1696 decus
382 1649 467 1714 atque
480 1637 621 1712 pudicitia
634 1638 705 1695 snit:
726 1638 858 1714 pecuniae
873 1657 908 1696 an
924 1638 1006 1696 fame
1021 1639 1116 1697 minus

183 1740 324 1807 parceret,
340 1730 416 1786 haud
437 1728 524 1786 sacile
538 1729 725 1786 discerneres.
768 1729 827 1786 Sed
845 1747 881 1786 ea
897 1748 973 1804 saepe
993 1729 1116 1788 antehac

182 1821 270 1879 tidem
295 1821 469 1896 prodiderat,
495 1819 636 1877 creditum
661 1820 850 1895 abjuraverat,
879 1819 967 1876 cedis
997 1819 1116 1878 conscia

183 1911 285 1983 suerat,
313 1911 426 1969 luxuria
452 1921 538 1986 atque
567 1911 665 1985 inopia
695 1929 824 1986 preceps
845 1909 963 1968 abierat.
1005 1909 1115 1968 Verum

183 2001 333 2078 ingenium
343 2002 405 2076 ejus
415 2001 493 2057 haud
507 2001 678 2059 absurdum:
693 2019 778 2076 posse
788 2021 887 2058 versus
897 2001 1003 2072 facere,
1014 2001 1120 2078 jocum

182 2109 309 2164 movere,
323 2109 457 2150 sermone
470 2091 512 2148 uti
526 2092 570 2149 vel
591 2093 732 2163 modesto,
747 2093 790 2150 vel
805 2093 895 2165 molli,
913 2093 958 2150 vel
976 2091 1111 2170 procaci:

180 2193 297 2260 prorsus
312 2182 409 2239 multe
423 2181 535 2238 lacetiae
548 2181 712 2257 multusque
726 2183 806 2258 lepos
820 2184 921 2242 inerat.

221 2272 335 2330 XXVI.
365 2272 422 2328 His
442 2273 529 2328 rebus
549 2273 732 2348 comparatis,
754 2274 882 2332 Catilina
902 2274 994 2334 nihilo
1016 2275 1112 2338 minus

157 2362 213 2434 'iu
238 2381 410 2438 proxumum
432 2382 540 2420 annum
567 2365 749 2422 consulatum
776 2368 908 2440 petebat;
937 2385 1066 2442 sperans,
1087 2369 1112 2428 si

179 2452 349 2530 designatus
369 2453 452 2526 foret,
467 2453 552 2512 facile
572 2473 602 2513 se
616 2474 652 2513 ex
672 2455 818 2514 voluntate
832 2457 964 2515 Antonio
983 2477 1111 2518 usurum.

182 2541 286 2620 Neque
300 2545 411 2602 interea
430 2546 545 2619 quietus
565 2557 636 2617 erat,
651 2547 702 2604 sed
722 2548 858 2603 omnibus
878 2547 972 2602 modis
992 2548 1113 2606 insidias

181 2634 301 2709 parabat
314 2634 459 2693 Ciceroni.
500 2636 605 2712 Neque
620 2637 662 2694 illi
681 2647 778 2692 tamen
792 2637 828 2692 ad
843 2634 1003 2692 cavendum
1018 2637 1111 2708 dolus,

184 2733 234 2781 aut
260 2723 370 2781 astutiae
397 2726 522 2784 deerant.
567 2727 711 2802 Namque,
735 2745 751 2784 a
776 2726 921 2802 principio
945 2727 1112 2788 consulatus

180 2813 237 2886 sui,
253 2814 342 2872 multa
354 2817 519 2890 pollicendo
529 2836 580 2894 per
589 2818 733 2889 Fulviam,
744 2818 890 2890 effecerat,
901 2829 934 2876 ut
940 2818 980 2880 Q.
993 2819 1111 2895 Curius,

180 2905 297 2982 dequo
321 2908 416 2984 paullo
450 2919 516 2966 ante
550 2910 716 2981 memoravi,
744 2910 867 2968 consilia
893 2910 1027 2970 Catilinae
1054 2912 1111 2972 sibi

179 2996 322 3074 proderet.
364 2999 413 3054 Ad
433 2999 498 3071 hcc,
522 3001 661 3078 collegam
686 3019 771 3058 suum
791 3001 953 3061 Antonium
976 3001 1111 3075 pactione

179 3088 335 3162 provinciae
361 3091 535 3166 perpulerat,
556 3110 593 3150 ne
617 3102 719 3148 contra
745 3092 953 3167 rempublicam
974 3089 1110 3161 sentiret3

181 3177 293 3235 circum
313 3195 344 3238 se
367 3181 502 3255 praesidia
528 3183 686 3240 amicorum
711 3191 796 3256 atque
817 3180 967 3238 clientium
995 3177 1111 3239 occulte
1139 3222 1141 3229 ·

181 3267 313 3327 habebat.
353 3271 511 3347 Postquam
532 3273 594 3328 dies
613 3273 796 3330 comitiorum
816 3270 904 3340 venit,
923 3279 952 3325 et
975 3267 1109 3330 Catilinae
1213 3304 1225 3330 ι

178 3375 274 3434 neque
299 3362 411 3436 petitio,
440 3379 535 3436 neque
566 3359 678 3418 insidiae
704 3379 776 3434 quas
807 3358 921 3416 consuli
949 3359 979 3417 in
1007 3377 1109 3438 campo

177 3447 294 3524 lecerat,
319 3471 457 3528 prospere
484 3469 614 3523 cessere;
643 3449 793 3507 constituit
820 3448 927 3508 bellum
954 3451 1059 3524 facere,
1080 3461 1109 3510 et

177 3553 305 3600 extrema
329 3543 430 3599 omnia
451 3542 584 3616 experiri,
607 3541 746 3617 quoniam
769 3559 832 3617 quae
853 3543 969 3606 occulte
989 3551 1110 3623 tempta·

176 3637 265 3708 terat,
281 3651 385 3719 aspera
399 3631 532 3714 laudaque
546 3642 707 3696 evenerant
