2682 4268
238 327 300 391 112
519 341 681 385 smnosrrr
702 337 882 384 roconrnr.

236 495 391 564 sngnstum
413 485 579 557 admodum,
602 483 746 559 utrimque
765 451 928 559 precisum.
970 481 1077 540 VInem
1101 501 1168 544 cnm

236 577 349 654 ingenti
384 575 516 654 periculo
546 575 651 634 fruma
681 575 855 651 agebantur:
888 589 965 645 nant,
1000 591 1092 648 quum
1127 593 1168 635 ete

234 668 364 748 paullum
384 677 595 744 processerant,
617 666 688 743 igni,
710 675 759 722 ant
778 663 924 740 lapidibus
944 665 1168 741 corrumpeban-

235 769 299 830 tnr;
321 759 427 818 milites
447 777 542 834 neque
561 776 615 834 pro
629 775 716 832 opere
737 755 906 827 consistere,
927 765 1045 831 propter
1063 756 1168 832 iniqui-

235 857 325 908 tatem
338 849 407 923 loci,
422 867 516 925 neque
527 849 602 910 inter
614 848 713 906 tineas
726 847 789 904 sine
802 845 934 922 periculo
948 847 1149 905 administrare
1159 859 1183 905 τ’

236 952 372 1018 optumus
399 942 522 1017 quisque
552 940 667 1010 cadere,
695 948 744 996 sut
767 937 908 1008 sauciari:
942 938 1050 996 ceteris
1073 948 1167 996 metus

237 1033 346 1109 angeri.

276 1122 389 1180 XCIII.
419 1123 460 1179 At
482 1121 604 1191 Marios,
627 1119 726 1178 multis
746 1119 849 1177 diebus
870 1129 899 1177 et
924 1117 1076 1177 laboribus
1101 1137 1167 1178 con·

236 1212 368 1288 sumptis,
383 1211 485 1270 anxius
502 1211 617 1268 trslrere
638 1229 705 1268 cum
728 1210 825 1268 animo
845 1227 907 1281 suo,
921 1210 1107 1269 omitteretne
1127 1210 1167 1270 in-

237 1314 363 1379 ceptum,
384 1303 521 1380 quoniam
542 1302 647 1360 frustra
659 1311 731 1373 erat,
753 1319 789 1358 an
811 1300 955 1358 fortunam
975 1301 1166 1378 opperiretur,

142 1400 157 1413 “
237 1413 295 1470 qua
318 1411 394 1470 srepc
418 1411 644 1471 prospereusus.
684 1392 763 1454 Qnae
777 1409 865 1467 quom
886 1392 992 1450 multos
1013 1392 1086 1464 dies,
1100 1411 1167 1452 noc·

237 1496 339 1561 tesque
360 1495 485 1544 :estuans
507 1485 638 1562 agitaret,
654 1484 727 1541 forte
739 1483 857 1558 quidam
879 1481 981 1560 Ligus,
995 1501 1032 1540 ex
1046 1483 1168 1542 cohorti·

239 1579 293 1636 bus
308 1577 465 1635 auxiliariis
479 1576 563 1634 miles
582 1575 742 1653 gregarius,
758 1574 860 1634 castris
875 1583 1011 1648 squatum
1025 1592 1166 1652 egressus,

238 1669 315 1727 baud
328 1668 430 1744 procul
445 1669 481 1725 ab
494 1667 585 1726 latere
599 1666 722 1739 castelli,
733 1665 812 1742 qnod
826 1679 957 1724 avorsum
970 1665 1168 1742 praeliantibus

238 1769 310 1831 erat,
326 1759 454 1818 animum
469 1758 591 1816 advortit
605 1758 679 1816 inter
693 1775 763 1816 saxa
782 1756 909 1834 repentis
924 1757 1080 1816 cochleas:
1103 1775 1168 1833 qua·

238 1870 303 1911 rum
327 1869 415 1926 quum
443 1869 531 1908 unam
559 1859 643 1924 atque
674 1847 816 1921 alteram.
829 1848 898 1906 dein
924 1848 1022 1923 plures
1047 1857 1167 1925 peteret,

238 1944 335 2001 studio
361 1942 479 2020 legundi
513 1940 663 2018 paullatim
695 1956 785 2016 prope
820 1941 856 1998 ad
890 1957 1034 1999 summum
1061 1940 1168 1998 montis

238 2052 371 2111 egressus
408 2043 460 2093 est.
511 2032 579 2104 Ubi,
612 2041 764 2108 postquam
797 2029 984 2092 solitsdInem
1018 2031 1167 2104 intellexit,

239 2143 320 2183 more
337 2125 447 2202 ingenii
468 2123 597 2196 humanI,
611 2124 719 2199 cupido
739 2123 869 2182 difficilia
889 2122 1019 2181 faciundi
1042 2123 1168 2182 animum

238 2215 333 2273 vortit
375 2213 415 2269 Et
428 2212 502 2270 forte
517 2211 547 2269 in
568 2229 605 2268 eo
618 2212 686 2268 loco
707 2215 825 2288 grandis
846 2213 902 2269 ilex
924 2215 1073 2269 coaluerat
1095 2214 1168 2271 inter

238 2323 317 2375 saxa,
340 2302 469 2380 paullum
494 2302 581 2358 modo
601 2319 704 2376 prona,
727 2302 795 2360 dein
820 2301 894 2360 llere
920 2312 1006 2378 atque
1029 2315 1116 2363 ancta
1139 2305 1169 2362 in

241 2395 433 2465 altitudinem,
447 2412 504 2470 quo
528 2402 636 2450 cuncta
659 2393 841 2470 gignentium
865 2403 969 2452 natura
992 2395 1064 2453 fert:
1087 2397 1170 2474 cujus

239 2488 328 2546 remis
342 2486 439 2557 modo,
454 2485 541 2544 modo
552 2485 747 2542 eminentibus
760 2486 837 2543 saxis
849 2485 931 2544 nisus
945 2486 1046 2564 Ligus,
1059 2489 1169 2546 castelli

237 2577 394 2656 planiciem
401 2577 573 2655 perscribit:
595 2577 672 2651 quod
686 2577 785 2634 cuncti
806 2577 836 2634 N
838 2578 943 2635 umidas
960 2579 1065 2637 intenti
1077 2579 1170 2656 praeli·

240 2673 355 2728 antibus
380 2671 507 2728 aderent.
557 2667 722 2744 Exploratis
745 2669 890 2741 omnibus,
918 2687 982 2744 quae
1009 2689 1078 2728 mox
1105 2671 1169 2729 usui

239 2761 302 2819 lore
315 2761 450 2829 ducebat,
462 2761 563 2817 eadem
574 2760 745 2835 regreditur,
757 2777 816 2817 non
828 2770 946 2831 temere,
958 2760 999 2818 uti
1015 2761 1171 2819 adscende·

239 2861 293 2920 ret,
322 2853 372 2906 sed
406 2860 550 2924 temptans
576 2850 675 2907 omnia
708 2859 737 2908 et
770 2851 1016 2926 circumspiciens.
1069 2852 1171 2928 Itaque

239 2939 367 2998 Marium
382 2956 503 3014 propere
524 2939 594 3010 adit,
611 2951 676 2998 acta
696 2941 810 3013 edocet,
825 2940 964 3014 hortetur,
981 2943 1017 3000 ab
1030 2961 1066 3001 ea
1080 2954 1170 3019 parte,

240 3051 297 3108 qua
311 3032 372 3107 ipse
392 3030 592 3102 descenderat,
608 3031 758 3088 castellum
779 3043 918 3109 temptet:
939 3033 1094 3109 pollicetur
1110 3051 1171 3091 sese

243 3124 355 3183 itineris
377 3121 557 3199 periculique
581 3122 694 3180 ducem.
736 3121 849 3182 Mariua
873 3143 941 3182 cum
965 3123 1085 3201 Ligure,
1109 3142 1171 3200 pro·

240 3217 329 3274 missa
344 3216 405 3292 ejus
424 3214 583 3291 cognitum,
598 3231 635 3270 ex
654 3213 844 3290 presentibus
868 3215 962 3273 misit:
984 3233 1108 3290 quorum
1130 3213 1171 3272 oti

240 3308 379 3383 cujusque
405 3305 553 3383 ingenium
576 3314 647 3375 erat,
672 3306 712 3362 ita
735 3322 796 3362 rem
810 3305 958 3364 difficilem
982 3315 1030 3363 aut
1056 3305 1170 3363 facilem

240 3399 425 3455 nunciarem.
468 3397 605 3454 Consulis
620 3397 733 3454 enimus
756 3405 853 3452 tamen
874 3385 1004 3470 paullum
1032 3406 1170 3454 arrectus.
1205 3401 1207 3404 ’
1308 3467 1309 3480 ¹

240 3486 343 3560 Itaque
356 3505 390 3545 ex
411 3488 496 3564 copie
516 3487 679 3546 tubicInum
699 3495 729 3548 et
748 3483 942 3560 cornicinum,
956 3503 1079 3546 numero
1091 3485 1172 3567 quin·
