2682 4268
493 391 657 436 sannusmr
678 393 858 436 mannam.
1082 374 1140 438 101

210 551 285 593 num
298 533 389 592 lerum
405 531 613 609 incultumque,
627 545 657 592 ct
669 553 706 592 eo
723 544 852 611 tempore
866 533 999 612 ignarum
1013 533 1142 595 nominis

214 623 352 682 Romani.
393 623 503 681 Eorum
514 625 729 683 multitudinem
746 625 880 684 inunum
894 625 993 704 cogit:
1016 643 1050 684 ac
1062 625 1142 701 paul·

212 713 294 773 latim
308 714 488 772 consuefacit
508 715 626 773 ordines
640 716 757 788 habere,
771 716 855 794 signa
874 717 967 791 sequi,
989 717 1142 792 imperinm

212 805 375 877 observate,
400 805 470 863 item
498 805 555 863 alia
585 806 721 864 militaria
744 807 849 866 facere.
902 807 1046 866 Praeterea
1065 807 1144 886 regis

215 891 328 954 Bocchi
349 913 505 971 proxumos
525 897 638 974 magnis
658 898 837 971 muneribus,
852 909 881 956 et
902 899 1059 974 majoribus
1077 914 1143 974 pro·

216 984 311 1042 missis
326 987 360 1043 ad
374 987 500 1044 studium
522 987 566 1044 sni
586 988 720 1064 perducit
730 1009 738 1059 ;
760 989 825 1064 quis
846 988 1025 1065 adjutoribus
1044 1005 1142 1065 regem

216 1075 376 1152 adgressus,
391 1077 522 1154 impellit,
536 1078 579 1137 uti
601 1079 738 1136 advorsus
752 1079 905 1137 Romanos
926 1079 1034 1137 bellum
1053 1077 1143 1136 susci-

211 1165 282 1246 piat.
323 1167 359 1224 Id
372 1187 407 1226 ea
418 1169 511 1246 gratia
525 1168 639 1228 facilius
652 1171 830 1246 proniusque
841 1170 905 1244 fuit,
917 1170 995 1245 quod
1006 1169 1143 1228 Bocchus

215 1253 298 1316 initio
325 1258 445 1335 hujusce
465 1260 535 1318 belli
561 1260 671 1338 legatos
691 1261 819 1319 Romam
845 1261 972 1334 miserat,
1000 1259 1094 1318 loedus
1113 1269 1143 1319 ot

213 1347 374 1406 amicitiam
392 1349 533 1424 petitum3
555 1369 641 1422 qnam
654 1355 716 1407 rein
730 1352 1012 1426 opportunissumam
1025 1351 1143 1426 incepto

215 1435 322 1516 (bello)
350 1437 439 1512 pauci
466 1438 683 1510 impediverant,
704 1441 775 1496 curci
797 1440 924 1511 avaritia,
951 1440 1017 1513 quis
1046 1440 1145 1504 omnia

213 1527 340 1585 honesta
354 1535 440 1599 atque
453 1525 607 1583 inhonesta
619 1526 743 1584 vendere
756 1543 821 1583 mos
831 1537 900 1584 erat.
941 1527 1039 1584 Etiam
1061 1537 1146 1587 antea

212 1615 369 1694 Jugurthae
383 1616 443 1674 lilia
462 1615 575 1674 Bocchi
590 1626 734 1692 nupserat.
774 1617 886 1674 Verum
905 1635 941 1674 ea
960 1617 1146 1678 necessitudo

215 1708 293 1784 apud
314 1706 459 1765 Numidas
483 1705 662 1782 Maurosque
685 1707 756 1765 levis
779 1705 912 1765 ducitur:
936 1707 1004 1783 quia
1027 1707 1144 1785 singuli,

214 1815 270 1874 pro
293 1798 397 1874 opibus
420 1798 553 1874 quisque,
575 1817 661 1873 quam
681 1798 821 1874 plurimas
841 1789 955 1870 uxores,
976 1799 1065 1856 denas
1086 1797 1144 1874 alii,

108 1925 122 1948 .
215 1887 267 1946 alii
289 1889 388 1965 plures
407 1889 532 1959 habent;
563 1889 615 1947 sed
635 1907 718 1965 reges
737 1907 774 1947 eo
795 1887 925 1964 amplius.
966 1888 1013 1946 Ita
1034 1887 1146 1947 animus

214 1979 401 2038 multitudine
411 1979 578 2038 distrahitur
587 1999 600 2050 3.
616 1979 723 2038 nullam
734 1997 787 2055 pro
800 1979 881 2038 socia
890 1979 1019 2038 obtinet:
1039 1978 1145 2056 paritet
1236 1985 1240 1994 ’

213 2085 320 2127 omnes
333 2069 404 2126 viles
417 2079 493 2127 sunt.

188 2209 193 2215 .
258 2157 402 2216 LXXXI.
429 2157 521 2235 Igitur
534 2159 675 2216 inlocum
690 2161 828 2218 ambobus
840 2159 980 2237 placitum
999 2160 1144 2222 exercitus

214 2248 413 2308 conveniunt:
434 2249 485 2321 ibi,
504 2249 561 2308 lide
585 2251 700 2308 datast
721 2262 850 2328 accepta,
865 2251 1010 2330 Jugurtha
1030 2251 1144 2311 Bocchi

216 2339 344 2398 animum
356 2339 485 2398 oratione
497 2341 646 2400 accendit:
662 2348 681 2376 “
691 2341 842 2401 Romanos
853 2343 984 2419 injustos,
998 2342 1143 2418 profunda

216 2430 346 2502 avaritia,
367 2431 529 2488 communis
549 2431 679 2488 omnium
702 2432 794 2490 hostis
817 2450 899 2491 esse:
925 2433 1058 2491 eamdem
1078 2431 1147 2490 illos

215 2539 348 2582 caussam
370 2521 525 2597 belligcum
539 2521 660 2579 Boccho
674 2521 791 2592 habere,
805 2539 891 2594 quam
906 2539 1006 2578 secum
1026 2530 1056 2578 et
1076 2537 1144 2578 cum

215 2611 281 2670 aliis
294 2611 440 2689 gentibus,
460 2610 620 2668 lubidinem
635 2609 838 2685 imperitandi:
859 2610 923 2684 quis
944 2608 1043 2667 omnia
1055 2626 1145 2685 regna

218 2702 338 2760 advorsa
361 2711 450 2758 sunt:
483 2711 544 2756 tum
568 2717 641 2770 sese,
664 2699 763 2774 paullo
788 2708 854 2756 ante
877 2697 1143 2774 Carthaginienses,

217 2790 286 2852 item
309 2809 408 2869 regern
434 2790 560 2860 Persem
588 2799 662 2864 post,
683 2789 726 2846 nti
754 2788 876 2864 quisque
901 2788 1144 2865 opulentissumus

217 2882 357 2953 videatur,
378 2882 419 2938 ita
441 2880 586 2937 Romanis
613 2880 724 2938 hostem
749 2878 839 2938 sore.’'
890 2879 946 2939 llis
974 2889 1060 2957 atque
1079 2879 1144 2938 aliis

217 2971 323 3029 talibus
339 2972 436 3044 dictis,
450 2973 485 3029 ad
499 2971 609 3028 Cirtam
624 2971 763 3047 oppidum
777 2969 831 3030 iter
845 2972 1044 3042 constituunt3
1065 2970 1144 3048 quod

217 3062 259 3120 ibi
280 3060 415 3120 Metellus
436 3063 564 3139 praedam
585 3063 771 3139 captivosque
791 3072 821 3120 et
844 3063 1049 3140 impedimenta
1066 3062 1144 3118 loca·

218 3163 304 3211 terat.
346 3153 391 3212 Ita
404 3153 548 3231 iugurtha
561 3164 649 3225 ratus,
665 3163 724 3226 aut,
736 3165 821 3229 capta
833 3155 915 3224 urbe,
924 3151 1049 3227 pretium
1063 3148 1141 3218 l'ore3

216 3252 277 3314 aut,
292 3242 316 3301 si
330 3243 481 3303 Romanus
495 3244 602 3302 auxilio
619 3244 680 3300 suis
697 3243 832 3312 venisset,
850 3240 950 3317 praelio
970 3255 1033 3296 sese
1052 3247 1144 3296 certa·

217 3347 305 3392 turos.
347 3333 424 3392 Nam
438 3335 561 3391 callidus
575 3332 603 3390 id
625 3331 712 3389 modo
730 3330 894 3396 festinabat,
908 3327 1020 3386 Bocchi
1039 3343 1143 3403 pacem

217 3422 405 3496 imminuere;
440 3443 477 3482 ne
504 3441 600 3482 moras
627 3419 773 3498 agitando,
795 3418 883 3492 aliud,
911 3435 998 3494 quam
1020 3416 1142 3492 bellum,

216 3515 418 3668 mag-XXII.
455 3603 614 3728 Imperator
636 3611 789 3680 postquam
812 3597 849 3660 de
875 3616 978 3680 regum
1003 3599 1144 3660 societate

454 3695 474 3754 9

293 3767 331 3781 N-
