2656 4276
496 337 664 382 smnusrrr
686 337 847 380 carmini.
1095 321 1134 382 rt

207 497 267 556 quc
279 478 400 538 consilio
411 479 494 551 soret,
509 478 579 538 satis
594 490 772 554 compertum
796 478 931 548 habebat,
954 495 1014 536 rem
1035 477 1071 536 nd
1091 497 1134 538 sc·

210 581 308 630 natum
322 571 417 642 refert,
430 571 491 646 jam
502 580 587 628 antea
596 570 674 647 voigi
685 571 849 628 rumoribus
860 569 1041 646 exagitatam.
1076 569 1135 630 Ita·

206 679 273 737 que,
294 661 370 737 quod
392 661 559 736 plerumque
583 660 614 718 in
642 662 733 718 atroci
760 662 879 738 negotio
905 661 988 732 solet,
1015 671 1133 719 senatus

206 751 344 823 decreuit,
372 752 474 810 darant
500 770 616 826 operam
636 752 781 829 consules,
807 770 846 810 ne
873 751 942 826 quid
969 751 1134 828 respublica

207 841 373 900 detrimenti
401 852 524 916 caperet.
578 841 622 900 Ea
648 853 774 918 potestas
800 861 851 918 per
879 853 1021 916 senatum,
1051 860 1133 902 ruore

208 930 357 1004 Romano,
384 933 562 1009 magistratui
590 952 724 990 maxuma
753 933 946 1009 permittitur;
973 934 1133 992 exercitum

205 1040 317 1098 parare,
340 1022 445 1080 bellum
469 1042 579 1100 gerere,
604 1027 743 1082 coercere
764 1023 900 1082 omnibus
920 1025 1014 1084 modis
1037 1023 1134 1082 socios

207 1122 291 1188 atque
314 1113 402 1184 civis;
424 1115 503 1171 domi
523 1114 690 1188 militiaque
711 1115 864 1190 imperium
885 1125 970 1191 atque
988 1114 1133 1192 judicium

204 1221 348 1270 summum
367 1203 490 1262 habere:
514 1205 606 1276 aliter,
626 1205 689 1264 sine
709 1206 809 1281 populi
825 1206 917 1282 jussu,
938 1206 1012 1264 nulli
1032 1222 1133 1264 earum

204 1311 300 1352 rerum
315 1295 429 1352 consuli
440 1295 488 1370 jus
501 1304 555 1351 est.

243 1383 345 1442 XXX.
373 1384 444 1442 Post
456 1402 566 1458 paucos
579 1383 641 1440 dies
654 1383 688 1440 L.
704 1385 828 1454 Saenius,
842 1395 966 1455 senator,
981 1385 1011 1442 in
1031 1395 1133 1444 senatu

204 1473 316 1532 litteras
336 1473 480 1543 recitavit,
500 1491 573 1546 quas
593 1473 716 1530 Faesuhs
741 1474 851 1530 adlatas
872 1473 927 1530 sibi
949 1474 1082 1543 dicabat3
1103 1475 1134 1532 in

204 1563 312 1638 quibus
334 1562 474 1637 scriptum
499 1571 570 1633 erat,
594 1562 628 1620 C.
655 1561 798 1620 Manlium
823 1581 902 1621 arma
924 1563 1045 1638 cepisse,
1067 1581 1134 1624 cum

204 1672 311 1730 magna
324 1652 519 1724 multitudine,
541 1653 706 1710 antediem
729 1654 764 1710 vi.
780 1653 926 1712 Kalendas
949 1654 1131 1713 Novembris.

204 1744 310 1815 Simul,
322 1744 351 1800 id
366 1743 443 1819 quod
458 1743 552 1802 intuli
567 1761 599 1800 rc
613 1744 695 1816 solet,
711 1744 760 1801 alii
779 1755 912 1820 portenta
933 1755 1018 1820 atque
1038 1745 1134 1821 prodi·

204 1833 255 1912 gia
268 1834 461 1904 nunciabant3
484 1833 533 1890 aiii
547 1845 707 1892 conventus
720 1835 792 1906 fieri,
806 1854 884 1892 arma
896 1836 1014 1911 portari,
1024 1837 1133 1912 Capuae

206 1934 291 2000 atque
312 1925 341 1982 in
364 1924 474 2000 Apulia
497 1924 600 1982 servile
624 1924 731 1982 bellum
755 1927 873 1983 moveri.
913 1925 1016 2003 igitur,
1040 1928 1135 1990 senati

204 2015 334 2086 decreto,
346 2015 388 2076 Q.
403 2014 536 2074 Marcius
547 2014 615 2073 Rex
628 2013 767 2087 Faesulas,
780 2017 822 2078 Q.
837 2015 975 2074 Meteilus
995 2017 1132 2077 Creticus

206 2105 237 2164 in
250 2104 389 2180 Apuliam
403 2105 570 2180 circumque
583 2104 658 2176 loca,
673 2106 772 2164 missi:
796 2106 826 2163 hi
844 2108 958 2182 utrique
973 2109 1008 2165 ad
1029 2111 1129 2168 urbem

205 2195 392 2272 imperatores
406 2207 503 2266 erant;
525 2196 723 2270 impeditius
743 2197 962 2273 triumpharent,
984 2200 1131 2258 calumnia

204 2305 371 2363 paucarum,
386 2287 490 2360 quibus
503 2286 602 2343 omnia
615 2286 736 2346 honesta
747 2299 832 2362 atque
841 2289 995 2348 inhonesta
1004 2292 1129 2350 vendere

205 2395 267 2434 mos
280 2388 350 2435 erat.
393 2377 452 2434 Sed
465 2387 612 2452 pretores,
632 2378 672 2440 Q.
694 2379 849 2454 Pompeius
869 2380 967 2438 Rufus
987 2381 1129 2456 Capuam,

202 2466 243 2530 Q.
267 2467 403 2525 Meteilus
424 2467 509 2525 Celer
531 2468 562 2526 in
585 2487 685 2544 agrum
708 2470 865 2539 Picenum3
888 2469 989 2544 hisque
1012 2472 1130 2545 permis·

203 2576 278 2630 sum,
293 2565 312 2592 “
324 2559 366 2615 uti
377 2577 431 2632 pro
444 2569 572 2634 tempore
594 2569 678 2633 atque
692 2560 821 2632 periculo
834 2559 994 2614 exercitum
1015 2577 1130 2633 compa·

205 2649 328 2704 rarent.”
370 2649 417 2704 Ad
431 2648 497 2720 hoc,
514 2650 569 2706 “si
583 2649 647 2724 quir
662 2633 848 2705 indicavisset
861 2646 898 2702 de
918 2645 1128 2721 conjuratione,

204 2753 269 2810 quie
297 2747 395 2796 contra
421 2739 628 2814 rempublicam
660 2739 738 2796 sacta
768 2746 839 2808 erat,
866 2737 1015 2814 praemium
1048 2757 1130 2798 servo

204 2826 366 2884 libertatem
399 2837 427 2886 et
460 2830 592 2886 sestertia
626 2839 764 2900 centum3
799 2829 892 2886 libero
925 2829 1128 2905 impunitatem

202 2917 265 2992 ejus
279 2918 331 2990 rei,
346 2928 375 2976 et
388 2920 519 2978 sestertia
539 2920 665 2978 ducenta
675 2940 682 2989 ;
693 2922 711 2948 ''
733 2921 860 2996 itemque
880 2921 1034 2980 decrevere
1055 2929 1073 2956 “
1086 2923 1129 2980 uti

204 3007 380 3084 gladiatorie
394 3009 509 3068 familie
530 3011 662 3086 Capuam
682 3020 712 3068 et
727 3011 755 3068 in
777 3021 875 3070 cetera
894 3011 1053 3085 municipia
1073 3011 1128 3066 dis·

202 3099 407 3168 tribuerentur,
433 3119 487 3176 pra
514 3102 653 3177 cujusque
680 3102 804 3176 opibus3
839 3102 943 3160 hmo
962 3116 1014 3172 per
1033 3105 1124 3154 totam

202 3190 304 3246 urbem
325 3191 430 3268 vigilia
459 3192 644 3262 haberentur,
672 3192 764 3268 iisque
790 3191 917 3248 minores
944 3186 1128 3263 magistratus

200 3284 384 3355 preessent.'’

240 3369 357 3432 XXXI.
378 3372 498 3434 Quibus
511 3373 598 3429 rebus
611 3378 741 3446 permota
755 3367 866 3437 civitas,
879 3375 964 3440 atque
978 3366 1127 3428 immutata

200 3462 280 3520 urbis
294 3463 385 3520 facies
405 3474 485 3521 erat:
506 3482 543 3520 ex
563 3478 676 3520 summa
694 3458 794 3516 letitia
815 3465 899 3532 atque
913 3457 1039 3531 lascivia,
1064 3477 1127 3534 qun

198 3551 339 3612 diuturna
353 3552 436 3628 quies
448 3563 609 3630 pepererat,
624 3560 742 3628 repente
755 3548 849 3610 omnis
869 3548 985 3610 tristitia
1004 3549 1127 3608 invasit:

438 3643 479 3702 2*
